2468 3826
134 118 177 183 52
504 113 781 171 saxrrnunaou

82 281 206 365 aooHeo
229 301 369 365 pensans
394 279 501 343 omnis
526 279 569 343 sit
591 281 720 363 peotore
744 281 853 344 castus
878 281 911 343 et
934 300 1006 359 ore,

138 369 261 454 Turpia
283 390 349 434 non
372 369 505 451 referat,
529 368 585 451 qui
607 368 758 451 turpibus
782 367 926 433 abstinet
949 368 1052 454 actis,

135 458 186 523 Ne
209 479 290 542 puer
314 461 371 522 aut
394 457 546 542 simplex,
569 457 625 541 qui
647 457 727 522 talia
749 457 867 541 nescit,
889 455 1038 542 ephebus

135 546 253 611 Verbis
277 551 449 632 corruptus
474 546 644 611 mollescat
666 549 699 610 et
722 545 795 611 avia
817 549 963 631 temptet.

136 634 274 701 Soedula
297 658 407 701 morsa
432 635 505 700 cani
528 634 622 699 docet
643 634 737 699 illum
759 634 874 700 rodere
896 635 1012 718 pelles,

82 742 123 782 20⁵
136 725 244 810 Atque
267 725 344 790 hino
369 725 516 789 doctrina
539 744 631 788 caros
655 723 733 787 deus
755 723 875 788 imbuit
896 724 973 789 ista:

137 812 261 879 Suadeo
285 813 460 898 principio,
483 813 611 877 lumbos
634 813 814 898 precingite
837 810 1005 898 vestrosl)

136 903 185 969 Ac
209 903 238 968 si
262 903 307 968 sio
330 903 429 986 dieat,
453 923 526 966 oum
550 902 584 964 in
607 923 665 966 vos
688 903 827 967 obsoena
850 902 952 968 libido

136 991 280 1058 Dimieat
304 996 337 1056 et
359 992 443 1056 sevis
467 993 590 1055 cremat
612 989 743 1074 ignibus
766 990 835 1074 ilia,
859 991 946 1056 dooti

136 1080 263 1146 Parcite
287 1080 451 1145 continuis
475 1080 556 1144 esais
580 1081 613 1143 et
634 1078 780 1164 potibus,
805 1081 896 1163 atqui

83 1186 123 1226 21⁰
138 1168 280 1253 Oropula
304 1173 337 1232 et
360 1168 501 1232 ebrietas
524 1167 639 1232 lascivi
663 1171 713 1232 est
734 1168 837 1233 fomes
861 1168 995 1252 amoris,

136 1257 189 1321 Ex
212 1258 325 1322 erebra
347 1256 492 1341 ingluvie
516 1256 650 1321 veniunt
673 1278 777 1341 amor,
801 1259 885 1341 ooia,
908 1258 1002 1322 risus.

138 1344 217 1411 Ooia
240 1345 440 1410 mortificant
464 1345 620 1428 animam,
644 1345 785 1410 studium
810 1347 924 1411 educat
947 1345 1053 1431 illam,

137 1434 246 1520 Atque
268 1434 354 1500 bono
378 1435 484 1499 studio
509 1434 665 1500 damnosa
687 1435 814 1500 vacatio
838 1438 966 1500 tantum

139 1524 304 1601 Quantum
328 1525 369 1590 ab
393 1523 526 1610 oglosso
549 1522 673 1588 Lethea
694 1546 859 1608 papavera
881 1520 1048 1611 distant2)

84 1631 123 1671 215
138 1612 210 1689 Qua
231 1614 327 1678 labor
349 1617 400 1679 est
422 1613 521 1700 iugis,
544 1635 698 1678 venarum
721 1613 851 1678 flamma
875 1613 997 1678 residit.

138 1700 243 1767 Cerdo
268 1699 386 1789 suad),
410 1704 532 1768 scribat
555 1703 674 1782 sariba,
698 1723 794 1787 agros
818 1703 958 1767 rusticus
981 1706 1090 1786 aptet,

138 1789 283 1855 Clericus
305 1791 435 1855 insudet
457 1791 563 1874 libris,
586 1813 659 1875 neo,
683 1790 788 1875 siquid
811 1791 846 1855 in
868 1791 935 1856 illis

137 1879 341 1962 Reppererit,
365 1880 449 1963 quod
472 1901 538 1945 non
560 1883 688 1962 promte
712 1884 859 1945 occurrat
883 1881 959 1962 sibi,
983 1886 1104 1947 cesset:

137 1967 213 2033 Non
238 1989 364 2051 semper
387 1966 489 2052 talus,
512 1966 598 2051 quod
620 1968 711 2032 lusor
733 1969 897 2053 postulat,
921 1969 1001 2052 edit,

85 2074 124 2114 22⁰
139 2054 220 2140 Sepe
245 2058 358 2141 optata
382 2056 513 2141 absunt,
537 2078 610 2121 oum
633 2079 698 2122 non
722 2060 876 2140 optantur
898 2058 1069 2125 habentur.

137 2144 260 2209 Psalmi
283 2145 386 2211 eriam
408 2151 558 2229 prosunt,
579 2167 674 2229 prece
696 2147 801 2230 turpis
825 2146 932 2211 defioit
955 2147 1064 2232 ardor,

137 2234 185 2300 Ut
209 2235 327 2319 stipulo
350 2235 478 2300 ardenti
501 2257 557 2301 seu
581 2239 700 2320 stuppa
723 2235 843 2301 iniecta
866 2235 1005 2319 camino,

138 2324 206 2389 Aut
229 2328 266 2389 ut
288 2324 322 2388 in
345 2325 457 2410 ignitis
480 2325 649 2408 plumbum
673 2346 772 2408 grave
796 2321 963 2410 liquitur4)
988 2325 1072 2390 ollis.

138 2412 231 2489 Quod
256 2413 400 2497 sequitur
422 2417 498 2496 post
520 2412 582 2479 hoo
604 2414 784 2496 „Ardentes
807 2413 890 2478 ferte
912 2411 1112 2502 lucernas“⁵)

85 2517 124 2558 225
139 2499 316 2584 Gregorius
340 2502 468 2585 sapiens
494 2501 539 2566 sio
562 2502 691 2586 digerit,
716 2524 786 2566 esse
809 2502 957 2566 lucernas

138 2587 389 2673 Flammigeras,
412 2591 584 2674 perhibens
607 2590 769 2656 factorum
793 2590 941 2675 exempla
963 2590 1133 2657 bonorum.

139 2675 184 2742 Os
207 2676 310 2761 igitur
333 2683 426 2763 regat
450 2684 482 2744 et
505 2680 625 2744 referat
646 2679 733 2744 bona
756 2683 863 2744 mente
885 2679 1035 2764 pudieus,

138 2763 223 2830 Nam
247 2765 334 2829 bona
358 2786 457 2851 agens
481 2773 514 2832 et
536 2791 637 2852 prava
659 2768 796 2853 loquens
821 2769 866 2833 sio
890 2772 962 2833 aeta
983 2771 1112 2834 tuentes

138 2854 285 2937 Detinet,
309 2857 345 2917 ut
368 2853 602 2941 Laborinthus,
625 2858 860 2924 inextricabilis
885 2854 1015 2941 error.⁶)

211 3090 263 3138 210
283 3084 396 3139 lascivia
477 3088 529 3138 214
547 3101 584 3139 an
602 3085 725 3154 aptasse?
749 3084 783 3139 of.
803 3084 936 3154 Ducange
956 3102 977 3138 s.
996 3102 1022 3139 v.
1041 3084 1156 3154 aglossa

140 3161 192 3211 220
212 3173 235 3211 o.
255 3157 289 3211 ab
307 3161 372 3210 sant

213 3358 239 3425 1)
259 3354 324 3407 Luc.
346 3357 387 3419 12,
407 3357 449 3408 35.
529 3354 556 3422 ἓ)
576 3349 677 3420 Georg.
696 3349 745 3418 IV,
764 3356 825 3406 545.
904 3353 932 3421 3)
951 3351 1026 3407 Pers.
1045 3349 1093 3418 IV,
1112 3355 1156 3404 61.

141 3427 169 3487 4)
188 3426 222 3479 οἲ.
241 3423 308 3478 Hor.
328 3423 356 3479 Ο.
376 3425 397 3490 Ι,
416 3428 459 3491 35,
478 3427 521 3478 20.
598 3424 625 3492 5)
644 3422 709 3478 Luo.
731 3427 773 3492 12,
792 3428 834 3478 35.
912 3424 939 3491 6)
957 3421 1026 3477 Aen.
1044 3421 1093 3490 VI,
1112 3427 1156 3478 27.

141 3492 223 3552 Prud.
243 3493 346 3564 Apotb.
366 3499 426 3548 203.
