2468 3826
138 114 180 178 74
506 113 612 169 saxu
629 112 781 168 Auruncu

136 278 308 363 Elinguem
331 276 456 362 proprii
480 276 608 341 sceleris
632 298 723 341 mens
747 274 906 360 conscia¹)
930 276 1046 342 reddit.

137 367 199 433 Sed
223 367 336 451 quise
360 388 379 430 a
402 365 493 430 viciis
517 366 609 430 novit
631 365 745 448 procul
767 385 838 428 esse
861 368 1037 444 remotum,

83 471 123 512 855
137 453 298 540 Olangens
322 458 358 519 ut
381 454 482 518 lituus
506 454 644 519 violosos
667 452 773 538 carpit
795 457 915 537 aperte.

137 544 296 609 Doctores
319 544 421 628 igitur
445 544 514 608 sine
537 542 627 607 fusco
651 542 758 607 vivere
782 541 913 624 debent,

138 631 351 717 Simpliciter,
374 636 460 696 caste
484 631 706 716 populumque
730 631 844 695 docere
866 630 1052 714 frequenter

136 721 181 786 Et
203 721 343 805 placide,
367 721 519 805 quoniam
542 741 608 783 non
632 722 682 784 est
705 719 885 784 didascalus
909 723 1019 803 aptus,

137 809 305 895 Castigare
329 831 404 875 suos
429 808 484 893 qui
508 808 756 872 mansuetudine
778 809 890 873 nescit.

84 899 293 964 8401ndomiti
316 899 426 963 clunes
451 901 484 962 et
507 897 626 962 collum
650 901 763 962 cautus
788 918 888 982 agaso

135 988 245 1053 Purrit
268 988 342 1073 equi
365 986 493 1052 blandis
518 985 709 1069 attactibus,
734 990 831 1069 atque
854 987 901 1050 ita
923 1007 1020 1069 porro

135 1075 290 1142 Pacatum
314 1075 437 1161 strigili
460 1076 615 1140 cervicem
639 1074 787 1156 defricet,
811 1075 844 1138 et
867 1077 946 1138 tunc

136 1164 168 1229 It
191 1165 320 1248 sonipes
344 1185 408 1248 qua
430 1163 563 1227 chamus
588 1163 658 1248 agit
681 1163 891 1246 stimulatque
915 1162 1086 1247 magister:

138 1251 191 1317 Sic
214 1253 328 1317 doctor
350 1251 464 1336 populi
488 1253 543 1336 qui
565 1252 662 1316 corda
685 1249 838 1336 ferocia2)
862 1252 978 1334 nutrit,

84 1356 124 1396 ⁸45
139 1341 214 1405 Rite
238 1340 415 1406 catechizet
436 1340 596 1424 parochos
618 1341 712 1424 virga
736 1340 927 1424 baculoque,

136 1429 259 1494 Visitet
281 1429 426 1494 infirmos
452 1432 484 1493 et
507 1428 667 1493 defunctis
691 1429 818 1493 veniam
842 1433 927 1511 oret,

135 1517 253 1585 Edicat
275 1519 413 1602 placide,
436 1540 477 1582 ne
501 1519 571 1604 quis
595 1519 776 1601 persolvere
800 1516 931 1583 Christo

135 1607 314 1673 Addubitet
337 1608 490 1691 decimas,
514 1608 569 1692 qui
596 1606 771 1692 pinguibus
794 1605 900 1669 indita
923 1605 1026 1690 glebis

137 1694 268 1761 Semina
291 1696 511 1779 centuplicans
536 1695 685 1779 gravidas
709 1695 831 1758 emittit
855 1694 982 1758 aristas.

82 1797 122 1838 ⁸⁵0
137 1782 199 1848 Sed
223 1785 251 1849 si
274 1786 330 1868 qui
353 1784 493 1849 decimas
515 1784 647 1847 tardant
670 1783 784 1847 offerre
809 1785 1006 1866 negantque,

135 1872 234 1937 Iustis
257 1877 372 1955 pastor
396 1893 449 1935 eos
474 1872 607 1936 monitis
631 1872 802 1936 convincat
824 1877 857 1935 et
881 1870 979 1954 aptis,

136 1959 189 2025 Sic
213 1961 335 2025 dicens:
363 1958 503 2044 „Homo,
533 1959 609 2043 quid
632 1958 763 2023 dubitas
787 1959 861 2023 dare
886 1959 996 2023 debita
1024 1961 1149 2043 parva?

134 2049 240 2115 Parve
264 2049 341 2113 deus
365 2048 482 2132 poscit,
506 2048 560 2133 qui
583 2051 695 2132 posset
717 2068 847 2131 poscere
872 2068 1000 2132 magna.

135 2137 284 2224 Namque
305 2138 428 2204 creavit
445 2137 589 2220 humum,
613 2159 707 2222 quem
726 2157 855 2201 vomere
876 2135 995 2202 scindis
1014 2137 1151 2223 adunco,

83 2240 122 2281 855
137 2227 200 2293 Ars
224 2229 264 2293 ab
289 2249 326 2292 eo
351 2226 552 2310 conponendi
575 2227 734 2309 processit
757 2225 871 2308 aratri3

134 2315 197 2381 Illa
220 2318 336 2401 quibus
361 2320 501 2381 constat:
524 2315 629 2398 buris,
653 2315 808 2396 dentalia,
830 2314 956 2397 themo,

135 2404 238 2487 Stiva,
261 2402 379 2491 rote³)‚
402 2427 441 2468 ex
465 2406 533 2468 eius
556 2404 640 2467 fiunt
663 2403 725 2467 tibi
748 2402 877 2467 condite
900 2401 1008 2488 lignis.

134 2493 194 2558 llle
219 2494 318 2560 boves
340 2494 403 2558 tibi
427 2493 483 2557 dat
505 2493 649 2576 pluviam
673 2491 885 2575 zephirosque
908 2490 1090 2577 tepentes⁴)

134 2581 254 2664 Mittit,
277 2584 315 2646 ut
338 2582 477 2646 educant
500 2587 557 2645 tua
580 2580 705 2644 semina
728 2578 851 2643 credita
874 2577 1014 2666 sulcis.⁵)

81 2669 275 2734 scorteum
299 2672 414 2734 cuncta
438 2670 489 2734 dei
513 2669 592 2753 sint,
617 2668 722 2733 solum
745 2667 830 2731 ferre
854 2668 999 2734 laborem

134 2759 179 2823 Te
203 2757 357 2823 sulcando
381 2762 484 2843 patet,
507 2779 566 2841 pro
590 2778 653 2842 quo
678 2756 833 2821 decimam
857 2757 920 2821 tibi
942 2761 1069 2841 partem

135 2846 266 2912 Sumere
290 2845 429 2909 debebas
454 2850 487 2909 et
510 2850 616 2910 cetera
639 2846 784 2930 linquere
809 2843 949 2910 Christo.

205 3025 257 3076 833
276 3037 299 3074 o.
319 3020 422 3075 conscii
440 3036 509 3075 corr.
528 3019 557 3072 M
660 3023 712 3073 334
732 3035 754 3073 c.
775 3021 872 3074 evictis
980 3024 1030 3074 837
1052 3036 1073 3075 c.
1092 3020 1148 3085 sre-

133 3096 242 3178 qcentee
259 3125 286 3164 es
305 3124 373 3164 eras.
469 3112 520 3162 845
545 3125 567 3162 c.
587 3109 713 3162 cateziaet
731 3123 788 3161 non
806 3108 931 3163 coteritet
954 3110 986 3164 ut
1005 3107 1148 3178 Btidinger

135 3179 197 3246 (1.1.
215 3198 243 3249 p.
260 3185 292 3233 12
311 3197 338 3234 n.
358 3184 403 3249 31)
422 3177 493 3248 legit
560 3182 701 3234 eor-885
721 3178 763 3233 ed.
782 3176 926 3248 Btidinger
944 3179 962 3235 l.
982 3179 1000 3235 l.
1020 3197 1049 3249 p.
1065 3185 1147 3248 29sq.

134 3254 185 3304 356
205 3251 322 3322 constat]
344 3249 464 3305 alterum
482 3249 541 3304 tin
559 3267 612 3305 ras.
630 3267 681 3319 pro
700 3267 721 3304 c

207 3412 232 3477 1)
256 3408 324 3464 Aen.
344 3409 370 3476 1,
390 3414 450 3465 604.
558 3409 586 3478 2)
608 3407 677 3466 Aen.
696 3409 723 3475 Ι,
740 3413 792 3463 302
803 3426 843 3478 sq.
951 3412 980 3478 3)
1004 3406 1103 3480 Georg.
1120 3408 1142 3476 I,

135 3481 284 3536 tto-173.
355 3481 383 3550 4)
402 3480 503 3550 Georg.
522 3479 557 3549 11,
576 3484 638 3534 330.
711 3483 738 3540 5)
759 3477 858 3551 Georg.
878 3478 899 3549 Ι,
919 3483 979 3534 333.
