<?xml version="1.0" encoding="UTF-8"?>
<!DOCTYPE html PUBLIC "-//W3C//DTD XHTML 1.0 Transitional//EN"
    "http://www.w3.org/TR/xhtml1/DTD/xhtml1-transitional.dtd">
<html xmlns="http://www.w3.org/1999/xhtml" xml:lang="en" lang="en">
 <head>
  <title>
</title>
<meta http-equiv="Content-Type" content="text/html;charset=utf-8" />
  <meta name='ocr-system' content='tesseract 3.04.00' />
  <meta name='ocr-capabilities' content='ocr_page ocr_carea ocr_par ocr_line ocrx_word'/>
</head>
<body>
  <div class='ocr_page' id='page_1' title='image "./sextiamarciigal00manigoog_0058.png"; bbox 0 0 2468 3826; ppageno 0'>
   <div class='ocr_carea' id='block_1_1' title="bbox 527 110 735 199">
    <p class='ocr_par' dir='ltr' id='par_1_1' title="bbox 527 110 735 199">
     <span class='ocr_line' id='line_1_1' title="bbox 527 110 735 199; baseline -0.014 0"><span class='ocrx_word' id='word_1_1' title='bbox 527 143 637 199; x_wconf 80' lang='lat' dir='ltr'><strong>arana</strong></span> <span class='ocrx_word' id='word_1_2' title='bbox 656 143 690 198; x_wconf 89' lang='lat'><strong>11.</strong></span> <span class='ocrx_word' id='word_1_3' title='bbox 733 110 735 115; x_wconf 42' lang='lat'><strong><em>⁴</em></strong></span> 
     </span>
    </p>
   </div>
   <div class='ocr_carea' id='block_1_2' title="bbox 98 304 1171 3052">
    <p class='ocr_par' dir='ltr' id='par_1_2' title="bbox 98 304 1171 3052">
     <span class='ocr_line' id='line_1_2' title="bbox 149 304 899 392; baseline -0.007 -19"><span class='ocrx_word' id='word_1_4' title='bbox 149 308 152 314; x_wconf 73' lang='grc'><strong>’</strong></span> <span class='ocrx_word' id='word_1_5' title='bbox 199 331 234 373; x_wconf 91' lang='lat' dir='ltr'><strong>m</strong></span> <span class='ocrx_word' id='word_1_6' title='bbox 258 329 328 373; x_wconf 87' lang='lat' dir='ltr'><strong>esse</strong></span> <span class='ocrx_word' id='word_1_7' title='bbox 350 311 458 392; x_wconf 87' lang='lat' dir='ltr'><strong>putat,</strong></span> <span class='ocrx_word' id='word_1_8' title='bbox 481 306 581 372; x_wconf 81' lang='lat' dir='ltr'><strong>variis</strong></span> <span class='ocrx_word' id='word_1_9' title='bbox 606 305 721 371; x_wconf 80' lang='lat' dir='ltr'>ebullit</span> <span class='ocrx_word' id='word_1_10' title='bbox 744 305 778 369; x_wconf 95' lang='lat' dir='ltr'><strong>in</strong></span> <span class='ocrx_word' id='word_1_11' title='bbox 802 304 899 369; x_wconf 87' lang='lat' dir='ltr'><strong>horis.</strong></span> 
     </span>
     <span class='ocr_line' id='line_1_3' title="bbox 215 393 977 461; baseline -0.004 0"><span class='ocrx_word' id='word_1_12' title='bbox 215 397 333 461; x_wconf 89' lang='lat' dir='ltr'><strong>undam</strong></span> <span class='ocrx_word' id='word_1_13' title='bbox 356 400 487 461; x_wconf 89' lang='lat' dir='ltr'><strong>tantum</strong></span> <span class='ocrx_word' id='word_1_14' title='bbox 511 395 609 460; x_wconf 87' lang='lat' dir='ltr'><strong>solita</strong></span> <span class='ocrx_word' id='word_1_15' title='bbox 633 394 789 459; x_wconf 85' lang='lat' dir='ltr'><strong>exsudare</strong></span> <span class='ocrx_word' id='word_1_16' title='bbox 814 393 977 458; x_wconf 74' lang='lat' dir='ltr'><strong>salubrem</strong></span> 
     </span>
     <span class='ocr_line' id='line_1_4' title="bbox 212 481 868 568; baseline -0.006 -18"><span class='ocrx_word' id='word_1_17' title='bbox 212 486 334 568; x_wconf 66' lang='lat' dir='ltr'><strong>celestis</strong></span> <span class='ocrx_word' id='word_1_18' title='bbox 358 506 395 549; x_wconf 90' lang='lat' dir='ltr'><strong>ec</strong></span> <span class='ocrx_word' id='word_1_19' title='bbox 420 483 603 549; x_wconf 79' lang='lat' dir='ltr'><strong>demittitur</strong></span> <span class='ocrx_word' id='word_1_20' title='bbox 628 484 778 568; x_wconf 78' lang='lat' dir='ltr'>angelus,</span> <span class='ocrx_word' id='word_1_21' title='bbox 800 481 868 546; x_wconf 87' lang='lat' dir='ltr'><strong>illic</strong></span> 
     </span>
     <span class='ocr_line' id='line_1_5' title="bbox 219 573 849 658; baseline -0.006 -20"><span class='ocrx_word' id='word_1_22' title='bbox 219 597 228 638; x_wconf 81' lang='grc' dir='ltr'>ι</span> <span class='ocrx_word' id='word_1_23' title='bbox 251 575 378 657; x_wconf 75' lang='lat' dir='ltr'><strong>captive</strong></span> <span class='ocrx_word' id='word_1_24' title='bbox 403 573 516 658; x_wconf 87' lang='lat' dir='ltr'><strong>quovis</strong></span> <span class='ocrx_word' id='word_1_25' title='bbox 539 574 696 656; x_wconf 83' lang='lat' dir='ltr'><strong>languore</strong></span> <span class='ocrx_word' id='word_1_26' title='bbox 721 575 849 653; x_wconf 76' lang='lat' dir='ltr'><strong>caterve</strong></span> 
     </span>
     <span class='ocr_line' id='line_1_6' title="bbox 226 659 925 745; baseline -0.003 -19"><span class='ocrx_word' id='word_1_27' title='bbox 226 663 308 727; x_wconf 71' lang='lat' dir='ltr'><strong>liunt</strong></span> <span class='ocrx_word' id='word_1_28' title='bbox 332 667 364 726; x_wconf 90' lang='lat' dir='ltr'><strong>et</strong></span> <span class='ocrx_word' id='word_1_29' title='bbox 387 684 523 727; x_wconf 89' lang='lat' dir='ltr'><strong>arenoso</strong></span> <span class='ocrx_word' id='word_1_30' title='bbox 547 663 607 726; x_wconf 91' lang='lat' dir='ltr'><strong>sub</strong></span> <span class='ocrx_word' id='word_1_31' title='bbox 631 660 776 745; x_wconf 83' lang='lat' dir='ltr'>margine</span> <span class='ocrx_word' id='word_1_32' title='bbox 801 659 925 743; x_wconf 88' lang='lat' dir='ltr'><strong>stipant</strong></span> 
     </span>
     <span class='ocr_line' id='line_1_7' title="bbox 234 747 849 833; baseline -0.005 -18"><span class='ocrx_word' id='word_1_33' title='bbox 234 754 374 815; x_wconf 68' lang='lat' dir='ltr'><strong>laturum</strong></span> <span class='ocrx_word' id='word_1_34' title='bbox 397 751 527 815; x_wconf 89' lang='lat' dir='ltr'><strong>laticem</strong></span> <span class='ocrx_word' id='word_1_35' title='bbox 552 750 590 814; x_wconf 91' lang='lat' dir='ltr'><strong>de</strong></span> <span class='ocrx_word' id='word_1_36' title='bbox 613 749 741 833; x_wconf 86' lang='lat' dir='ltr'>pumice</span> <span class='ocrx_word' id='word_1_37' title='bbox 765 747 849 813; x_wconf 89' lang='lat' dir='ltr'><strong>sicco</strong></span> 
     </span>
     <span class='ocr_line' id='line_1_8' title="bbox 243 836 1171 924; baseline -0.006 -20"><span class='ocrx_word' id='word_1_38' title='bbox 243 843 300 904; x_wconf 90' lang='lat' dir='ltr'><strong>ant</strong></span> <span class='ocrx_word' id='word_1_39' title='bbox 323 839 423 922; x_wconf 84' lang='lat' dir='ltr'><strong>aridi,</strong></span> <span class='ocrx_word' id='word_1_40' title='bbox 447 840 524 924; x_wconf 90' lang='lat' dir='ltr'><strong>quia</strong></span> <span class='ocrx_word' id='word_1_41' title='bbox 548 839 603 923; x_wconf 92' lang='lat' dir='ltr'><strong>qui</strong></span> <span class='ocrx_word' id='word_1_42' title='bbox 627 837 792 903; x_wconf 89' lang='lat' dir='ltr'><strong>descendit</strong></span> <span class='ocrx_word' id='word_1_43' title='bbox 815 837 850 900; x_wconf 90' lang='lat' dir='ltr'><strong>in</strong></span> <span class='ocrx_word' id='word_1_44' title='bbox 873 836 992 901; x_wconf 88' lang='lat' dir='ltr'><strong>undam</strong></span> <span class='ocrx_word' id='word_1_45' title='bbox 1131 853 1171 893; x_wconf 73' lang='lat'><strong>390</strong></span> 
     </span>
     <span class='ocr_line' id='line_1_9' title="bbox 253 926 1054 1010; baseline -0.005 -18"><span class='ocrx_word' id='word_1_46' title='bbox 253 933 286 992; x_wconf 91' lang='lat' dir='ltr'><strong>et</strong></span> <span class='ocrx_word' id='word_1_47' title='bbox 310 928 455 993; x_wconf 83' lang='lat' dir='ltr'>abluitur</span> <span class='ocrx_word' id='word_1_48' title='bbox 478 928 536 992; x_wconf 87' lang='lat' dir='ltr'><strong>sua</strong></span> <span class='ocrx_word' id='word_1_49' title='bbox 560 928 706 991; x_wconf 89' lang='lat' dir='ltr'><strong>membra</strong></span> <span class='ocrx_word' id='word_1_50' title='bbox 730 929 875 992; x_wconf 83' lang='lat' dir='ltr'><strong>scatente</strong></span> <span class='ocrx_word' id='word_1_51' title='bbox 899 926 1054 1010; x_wconf 81' lang='lat' dir='ltr'><strong>procella,</strong></span> 
     </span>
     <span class='ocr_line' id='line_1_10' title="bbox 102 1012 957 1102; baseline -0.004 -22"><span class='ocrx_word' id='word_1_52' title='bbox 102 1039 220 1102; x_wconf 52' lang='lat' dir='ltr'><strong>„ospes</strong></span> <span class='ocrx_word' id='word_1_53' title='bbox 244 1016 390 1081; x_wconf 82' lang='lat' dir='ltr'><strong>abscedit</strong></span> <span class='ocrx_word' id='word_1_54' title='bbox 413 1017 597 1102; x_wconf 84' lang='lat' dir='ltr'>gaudetque</span> <span class='ocrx_word' id='word_1_55' title='bbox 622 1016 741 1080; x_wconf 88' lang='lat' dir='ltr'><strong>adiisse</strong></span> <span class='ocrx_word' id='word_1_56' title='bbox 765 1012 957 1097; x_wconf 85' lang='lat' dir='ltr'><strong>lacunam.¹)</strong></span> 
     </span>
     <span class='ocr_line' id='line_1_11' title="bbox 101 1103 856 1188; baseline -0.005 -18"><span class='ocrx_word' id='word_1_57' title='bbox 101 1105 175 1170; x_wconf 91' lang='lat' dir='ltr'><strong>Huc</strong></span> <span class='ocrx_word' id='word_1_58' title='bbox 198 1126 308 1188; x_wconf 72' lang='lat' dir='ltr'><strong>cecum</strong></span> <span class='ocrx_word' id='word_1_59' title='bbox 330 1109 443 1168; x_wconf 90' lang='lat' dir='ltr'><strong>natum</strong></span> <span class='ocrx_word' id='word_1_60' title='bbox 466 1104 558 1169; x_wconf 90' lang='lat' dir='ltr'><strong>Iesus</strong></span> <span class='ocrx_word' id='word_1_61' title='bbox 583 1104 701 1169; x_wconf 84' lang='lat' dir='ltr'><strong>direxit</strong></span> <span class='ocrx_word' id='word_1_62' title='bbox 723 1107 759 1167; x_wconf 88' lang='lat' dir='ltr'><strong>ut</strong></span> <span class='ocrx_word' id='word_1_63' title='bbox 782 1103 856 1167; x_wconf 89' lang='lat' dir='ltr'><strong>inde</strong></span> 
     </span>
     <span class='ocr_line' id='line_1_12' title="bbox 102 1191 936 1279; baseline -0.001 -21"><span class='ocrx_word' id='word_1_64' title='bbox 102 1191 296 1279; x_wconf 83' lang='lat' dir='ltr'><strong>Squalentes</strong></span> <span class='ocrx_word' id='word_1_65' title='bbox 320 1195 429 1259; x_wconf 89' lang='lat' dir='ltr'><strong>cculcs</strong></span> <span class='ocrx_word' id='word_1_66' title='bbox 454 1195 622 1278; x_wconf 89' lang='lat' dir='ltr'><strong>sputisque</strong></span> <span class='ocrx_word' id='word_1_67' title='bbox 646 1194 779 1278; x_wconf 89' lang='lat' dir='ltr'><strong>lutoque</strong></span> <span class='ocrx_word' id='word_1_68' title='bbox 803 1192 936 1257; x_wconf 86' lang='lat' dir='ltr'><strong>lavaret.</strong></span> 
     </span>
     <span class='ocr_line' id='line_1_13' title="bbox 98 1277 1169 1367; baseline -0.003 -20"><span class='ocrx_word' id='word_1_69' title='bbox 98 1282 144 1367; x_wconf 90' lang='lat' dir='ltr'><strong>It,</strong></span> <span class='ocrx_word' id='word_1_70' title='bbox 168 1283 258 1348; x_wconf 88' lang='lat' dir='ltr'><strong>lavat</strong></span> <span class='ocrx_word' id='word_1_71' title='bbox 282 1285 379 1366; x_wconf 86' lang='lat' dir='ltr'><strong>atque</strong></span> <span class='ocrx_word' id='word_1_72' title='bbox 401 1283 458 1347; x_wconf 95' lang='lat' dir='ltr'><strong>ubi</strong></span> <span class='ocrx_word' id='word_1_73' title='bbox 483 1282 538 1346; x_wconf 87' lang='lat' dir='ltr'><strong>dat</strong></span> <span class='ocrx_word' id='word_1_74' title='bbox 560 1281 650 1365; x_wconf 92' lang='lat' dir='ltr'><strong>prius</strong></span> <span class='ocrx_word' id='word_1_75' title='bbox 674 1283 822 1366; x_wconf 81' lang='lat' dir='ltr'><strong>ignotam</strong></span> <span class='ocrx_word' id='word_1_76' title='bbox 847 1281 910 1344; x_wconf 87' lang='lat' dir='ltr'><strong>sibi</strong></span> <span class='ocrx_word' id='word_1_77' title='bbox 933 1277 1086 1366; x_wconf 74' lang='lat' dir='ltr'><strong>lucem²)‚</strong></span> <span class='ocrx_word' id='word_1_78' title='bbox 1130 1296 1169 1337; x_wconf 78' lang='lat'><strong>39⁵</strong></span> 
     </span>
     <span class='ocr_line' id='line_1_14' title="bbox 99 1369 940 1455; baseline -0.004 -19"><span class='ocrx_word' id='word_1_79' title='bbox 99 1370 181 1436; x_wconf 81' lang='lat' dir='ltr'><strong>Esse</strong></span> <span class='ocrx_word' id='word_1_80' title='bbox 206 1371 301 1436; x_wconf 92' lang='lat' dir='ltr'><strong>deum</strong></span> <span class='ocrx_word' id='word_1_81' title='bbox 324 1375 466 1454; x_wconf 86' lang='lat' dir='ltr'><strong>constat,</strong></span> <span class='ocrx_word' id='word_1_82' title='bbox 490 1371 545 1455; x_wconf 91' lang='lat' dir='ltr'><strong>qui</strong></span> <span class='ocrx_word' id='word_1_83' title='bbox 568 1393 660 1436; x_wconf 90' lang='lat' dir='ltr'><strong>cecos</strong></span> <span class='ocrx_word' id='word_1_84' title='bbox 683 1372 805 1434; x_wconf 92' lang='lat' dir='ltr'><strong>lumine</strong></span> <span class='ocrx_word' id='word_1_85' title='bbox 828 1369 940 1453; x_wconf 86' lang='lat' dir='ltr'><strong>donat,</strong></span> 
     </span>
     <span class='ocr_line' id='line_1_15' title="bbox 99 1458 975 1544; baseline -0.002 -20"><span class='ocrx_word' id='word_1_86' title='bbox 99 1460 273 1544; x_wconf 82' lang='lat' dir='ltr'><strong>Extinguit</strong></span> <span class='ocrx_word' id='word_1_87' title='bbox 296 1459 416 1544; x_wconf 89' lang='lat' dir='ltr'><strong>febres,</strong></span> <span class='ocrx_word' id='word_1_88' title='bbox 438 1461 562 1544; x_wconf 90' lang='lat' dir='ltr'><strong>lepram</strong></span> <span class='ocrx_word' id='word_1_89' title='bbox 586 1459 693 1544; x_wconf 84' lang='lat' dir='ltr'><strong>fugat,</strong></span> <span class='ocrx_word' id='word_1_90' title='bbox 716 1458 846 1542; x_wconf 87' lang='lat' dir='ltr'><strong>expedit</strong></span> <span class='ocrx_word' id='word_1_91' title='bbox 868 1479 975 1541; x_wconf 85' lang='lat' dir='ltr'><strong>aures,</strong></span> 
     </span>
     <span class='ocr_line' id='line_1_16' title="bbox 101 1547 915 1632; baseline -0.004 -20"><span class='ocrx_word' id='word_1_92' title='bbox 101 1547 278 1613; x_wconf 80' lang='lat' dir='ltr'><strong>Surdorum</strong></span> <span class='ocrx_word' id='word_1_93' title='bbox 301 1552 460 1632; x_wconf 86' lang='lat' dir='ltr'><strong>gratoque</strong></span> <span class='ocrx_word' id='word_1_94' title='bbox 483 1548 547 1612; x_wconf 90' lang='lat' dir='ltr'><strong>frui</strong></span> <span class='ocrx_word' id='word_1_95' title='bbox 570 1549 627 1613; x_wconf 86' lang='lat' dir='ltr'><strong>dat</strong></span> <span class='ocrx_word' id='word_1_96' title='bbox 649 1547 771 1612; x_wconf 87' lang='lat' dir='ltr'><strong>famine</strong></span> <span class='ocrx_word' id='word_1_97' title='bbox 794 1550 915 1630; x_wconf 81' lang='lat' dir='ltr'><strong>mutos,</strong></span> 
     </span>
     <span class='ocr_line' id='line_1_17' title="bbox 100 1634 874 1720; baseline -0.003 -20"><span class='ocrx_word' id='word_1_98' title='bbox 100 1636 254 1701; x_wconf 89' lang='lat' dir='ltr'><strong>Vivificat</strong></span> <span class='ocrx_word' id='word_1_99' title='bbox 276 1635 391 1700; x_wconf 90' lang='lat' dir='ltr'><strong>loculis</strong></span> <span class='ocrx_word' id='word_1_100' title='bbox 415 1638 545 1720; x_wconf 89' lang='lat' dir='ltr'><strong>inposta</strong></span> <span class='ocrx_word' id='word_1_101' title='bbox 568 1637 725 1701; x_wconf 89' lang='lat' dir='ltr'><strong>cadavera</strong></span> <span class='ocrx_word' id='word_1_102' title='bbox 747 1634 874 1716; x_wconf 81' lang='lat' dir='ltr'><strong>mestis,</strong></span> 
     </span>
     <span class='ocr_line' id='line_1_18' title="bbox 100 1723 1170 1811; baseline -0.005 -23"><span class='ocrx_word' id='word_1_103' title='bbox 100 1723 168 1790; x_wconf 90' lang='lat' dir='ltr'><strong>Nec</strong></span> <span class='ocrx_word' id='word_1_104' title='bbox 192 1724 298 1790; x_wconf 91' lang='lat' dir='ltr'><strong>solum</strong></span> <span class='ocrx_word' id='word_1_105' title='bbox 320 1724 436 1811; x_wconf 88' lang='lat' dir='ltr'><strong>loculis</strong></span> <span class='ocrx_word' id='word_1_106' title='bbox 460 1725 515 1788; x_wconf 90' lang='lat' dir='ltr'><strong>sed</strong></span> <span class='ocrx_word' id='word_1_107' title='bbox 540 1729 572 1789; x_wconf 90' lang='lat' dir='ltr'><strong>et</strong></span> <span class='ocrx_word' id='word_1_108' title='bbox 595 1726 629 1789; x_wconf 95' lang='lat' dir='ltr'><strong>in</strong></span> <span class='ocrx_word' id='word_1_109' title='bbox 651 1724 767 1788; x_wconf 90' lang='lat' dir='ltr'><strong>tellure</strong></span> <span class='ocrx_word' id='word_1_110' title='bbox 790 1723 932 1787; x_wconf 89' lang='lat' dir='ltr'><strong>reclusos</strong></span> <span class='ocrx_word' id='word_1_111' title='bbox 1130 1743 1170 1783; x_wconf 85' lang='lat'><strong>400</strong></span> 
     </span>
     <span class='ocr_line' id='line_1_19' title="bbox 99 1812 924 1897; baseline -0.004 -20"><span class='ocrx_word' id='word_1_112' title='bbox 99 1812 239 1897; x_wconf 84' lang='lat' dir='ltr'><strong>Evocat,</strong></span> <span class='ocrx_word' id='word_1_113' title='bbox 263 1816 295 1876; x_wconf 88' lang='lat' dir='ltr'><strong>et</strong></span> <span class='ocrx_word' id='word_1_114' title='bbox 318 1812 417 1878; x_wconf 87' lang='lat' dir='ltr'><strong>verbo</strong></span> <span class='ocrx_word' id='word_1_115' title='bbox 441 1816 558 1879; x_wconf 87' lang='lat' dir='ltr'><strong>vacuat</strong></span> <span class='ocrx_word' id='word_1_116' title='bbox 581 1813 746 1879; x_wconf 89' lang='lat' dir='ltr'><strong>latebrosa</strong></span> <span class='ocrx_word' id='word_1_117' title='bbox 768 1812 924 1896; x_wconf 89' lang='lat' dir='ltr'><strong>sepulcra.</strong></span> 
     </span>
     <span class='ocr_line' id='line_1_20' title="bbox 99 1899 1051 1988; baseline 0.001 -23"><span class='ocrx_word' id='word_1_118' title='bbox 99 1900 261 1966; x_wconf 89' lang='lat' dir='ltr'><strong>Bethania</strong></span> <span class='ocrx_word' id='word_1_119' title='bbox 283 1901 345 1966; x_wconf 93' lang='lat' dir='ltr'><strong>hcc</strong></span> <span class='ocrx_word' id='word_1_120' title='bbox 368 1899 508 1988; x_wconf 81' lang='lat' dir='ltr'><strong>novit³),</strong></span> <span class='ocrx_word' id='word_1_121' title='bbox 533 1924 597 1986; x_wconf 90' lang='lat' dir='ltr'><strong>qua</strong></span> <span class='ocrx_word' id='word_1_122' title='bbox 619 1902 759 1967; x_wconf 86' lang='lat' dir='ltr'><strong>Lazarus</strong></span> <span class='ocrx_word' id='word_1_123' title='bbox 783 1901 818 1965; x_wconf 93' lang='lat' dir='ltr'><strong>in</strong></span> <span class='ocrx_word' id='word_1_124' title='bbox 842 1905 1051 1966; x_wconf 89' lang='lat' dir='ltr'><strong>monumento</strong></span> 
     </span>
     <span class='ocr_line' id='line_1_21' title="bbox 98 1989 912 2080; baseline 0 -27"><span class='ocrx_word' id='word_1_125' title='bbox 98 1989 155 2054; x_wconf 92' lang='lat' dir='ltr'><strong>Bis</strong></span> <span class='ocrx_word' id='word_1_126' title='bbox 180 1991 243 2056; x_wconf 90' lang='lat' dir='ltr'><strong>duo</strong></span> <span class='ocrx_word' id='word_1_127' title='bbox 266 2012 347 2075; x_wconf 89' lang='lat' dir='ltr'><strong>pene</strong></span> <span class='ocrx_word' id='word_1_128' title='bbox 371 1991 440 2056; x_wconf 89' lang='lat' dir='ltr'><strong>dies</strong></span> <span class='ocrx_word' id='word_1_129' title='bbox 464 1991 767 2080; x_wconf 60' lang='lat' dir='ltr'><strong>exegerat‚abditus</strong></span> <span class='ocrx_word' id='word_1_130' title='bbox 791 1995 824 2054; x_wconf 91' lang='lat' dir='ltr'><strong>et</strong></span> <span class='ocrx_word' id='word_1_131' title='bbox 846 1990 912 2054; x_wconf 88' lang='lat' dir='ltr'><strong>iam</strong></span> 
     </span>
     <span class='ocr_line' id='line_1_22' title="bbox 98 2078 960 2164; baseline 0 -22"><span class='ocrx_word' id='word_1_132' title='bbox 98 2078 261 2143; x_wconf 90' lang='lat' dir='ltr'><strong>Rancidus</strong></span> <span class='ocrx_word' id='word_1_133' title='bbox 285 2080 319 2144; x_wconf 91' lang='lat' dir='ltr'><strong>in</strong></span> <span class='ocrx_word' id='word_1_134' title='bbox 343 2081 482 2145; x_wconf 90' lang='lat' dir='ltr'><strong>cinerem</strong></span> <span class='ocrx_word' id='word_1_135' title='bbox 507 2079 683 2146; x_wconf 84' lang='lat' dir='ltr'><strong>dissolvere</strong></span> <span class='ocrx_word' id='word_1_136' title='bbox 707 2082 837 2164; x_wconf 86' lang='lat' dir='ltr'><strong>ceperat</strong></span> <span class='ocrx_word' id='word_1_137' title='bbox 860 2081 960 2143; x_wconf 87' lang='lat' dir='ltr'><strong>artus.</strong></span> 
     </span>
     <span class='ocr_line' id='line_1_23' title="bbox 99 2166 1168 2252; baseline 0 -22"><span class='ocrx_word' id='word_1_138' title='bbox 99 2166 235 2231; x_wconf 86' lang='lat' dir='ltr'><strong>Accedit</strong></span> <span class='ocrx_word' id='word_1_139' title='bbox 258 2168 335 2233; x_wconf 89' lang='lat' dir='ltr'><strong>deus</strong></span> <span class='ocrx_word' id='word_1_140' title='bbox 359 2169 563 2252; x_wconf 88' lang='lat' dir='ltr'><strong>omnipotens</strong></span> <span class='ocrx_word' id='word_1_141' title='bbox 588 2176 620 2232; x_wconf 89' lang='lat' dir='ltr'><strong>et</strong></span> <span class='ocrx_word' id='word_1_142' title='bbox 641 2190 760 2232; x_wconf 87' lang='lat' dir='ltr'><strong>nomen</strong></span> <span class='ocrx_word' id='word_1_143' title='bbox 784 2167 885 2232; x_wconf 89' lang='lat' dir='ltr'><strong>amati</strong></span> <span class='ocrx_word' id='word_1_144' title='bbox 1129 2186 1168 2225; x_wconf 82' lang='lat'><strong>405</strong></span> 
     </span>
     <span class='ocr_line' id='line_1_24' title="bbox 99 2254 988 2341; baseline -0.001 -23"><span class='ocrx_word' id='word_1_145' title='bbox 99 2254 229 2338; x_wconf 85' lang='lat' dir='ltr'><strong>Ingenti</strong></span> <span class='ocrx_word' id='word_1_146' title='bbox 252 2256 392 2320; x_wconf 89' lang='lat' dir='ltr'><strong>clamore</strong></span> <span class='ocrx_word' id='word_1_147' title='bbox 416 2254 526 2340; x_wconf 79' lang='lat' dir='ltr'><strong>ciet4),</strong></span> <span class='ocrx_word' id='word_1_148' title='bbox 550 2257 634 2321; x_wconf 89' lang='lat' dir='ltr'><strong>redit</strong></span> <span class='ocrx_word' id='word_1_149' title='bbox 656 2254 752 2341; x_wconf 63' lang='lat' dir='ltr'><strong>illel)</strong></span> <span class='ocrx_word' id='word_1_150' title='bbox 798 2254 877 2330; x_wconf 74' lang='lat' dir='ltr'><strong>Quis</strong></span> <span class='ocrx_word' id='word_1_151' title='bbox 901 2255 988 2318; x_wconf 89' lang='lat' dir='ltr'><strong>ultra</strong></span> 
     </span>
     <span class='ocr_line' id='line_1_25' title="bbox 100 2342 1040 2428; baseline -0.001 -22"><span class='ocrx_word' id='word_1_152' title='bbox 100 2343 258 2427; x_wconf 85' lang='lat' dir='ltr'><strong>Ambigat</strong></span> <span class='ocrx_word' id='word_1_153' title='bbox 282 2365 351 2408; x_wconf 88' lang='lat' dir='ltr'><strong>esse</strong></span> <span class='ocrx_word' id='word_1_154' title='bbox 375 2344 484 2428; x_wconf 85' lang='lat' dir='ltr'><strong>deum,</strong></span> <span class='ocrx_word' id='word_1_155' title='bbox 506 2366 565 2428; x_wconf 90' lang='lat' dir='ltr'><strong>per</strong></span> <span class='ocrx_word' id='word_1_156' title='bbox 588 2365 682 2428; x_wconf 92' lang='lat' dir='ltr'><strong>quem</strong></span> <span class='ocrx_word' id='word_1_157' title='bbox 706 2347 756 2409; x_wconf 90' lang='lat' dir='ltr'><strong>tot</strong></span> <span class='ocrx_word' id='word_1_158' title='bbox 779 2343 874 2426; x_wconf 86' lang='lat' dir='ltr'><strong>signa</strong></span> <span class='ocrx_word' id='word_1_159' title='bbox 895 2342 1040 2406; x_wconf 77' lang='lat' dir='ltr'><strong>fiebant?</strong></span> 
     </span>
     <span class='ocr_line' id='line_1_26' title="bbox 100 2430 978 2516; baseline -0.001 -21"><span class='ocrx_word' id='word_1_160' title='bbox 100 2430 185 2507; x_wconf 81' lang='lat' dir='ltr'><strong>Quid</strong></span> <span class='ocrx_word' id='word_1_161' title='bbox 208 2431 301 2516; x_wconf 90' lang='lat' dir='ltr'><strong>dicis,</strong></span> <span class='ocrx_word' id='word_1_162' title='bbox 325 2431 435 2516; x_wconf 89' lang='lat' dir='ltr'><strong>Iudee‚</strong></span> <span class='ocrx_word' id='word_1_163' title='bbox 459 2434 568 2516; x_wconf 89' lang='lat' dir='ltr'><strong>modo,</strong></span> <span class='ocrx_word' id='word_1_164' title='bbox 591 2434 640 2498; x_wconf 85' lang='lat' dir='ltr'><strong>vis</strong></span> <span class='ocrx_word' id='word_1_165' title='bbox 664 2432 776 2498; x_wconf 87' lang='lat' dir='ltr'><strong>cedere</strong></span> <span class='ocrx_word' id='word_1_166' title='bbox 799 2438 850 2496; x_wconf 89' lang='lat' dir='ltr'><strong>vel</strong></span> <span class='ocrx_word' id='word_1_167' title='bbox 871 2431 978 2495; x_wconf 80' lang='lat' dir='ltr'><strong>nunc?</strong></span> 
     </span>
     <span class='ocr_line' id='line_1_27' title="bbox 99 2518 886 2605; baseline -0.001 -20"><span class='ocrx_word' id='word_1_168' title='bbox 99 2518 175 2585; x_wconf 90' lang='lat' dir='ltr'><strong>Non</strong></span> <span class='ocrx_word' id='word_1_169' title='bbox 197 2524 231 2585; x_wconf 89' lang='lat' dir='ltr'><strong>te</strong></span> <span class='ocrx_word' id='word_1_170' title='bbox 253 2521 415 2605; x_wconf 86' lang='lat' dir='ltr'><strong>permittit</strong></span> <span class='ocrx_word' id='word_1_171' title='bbox 438 2543 492 2587; x_wconf 91' lang='lat' dir='ltr'><strong>cor</strong></span> <span class='ocrx_word' id='word_1_172' title='bbox 516 2542 593 2588; x_wconf 88' lang='lat' dir='ltr'><strong>saxo</strong></span> <span class='ocrx_word' id='word_1_173' title='bbox 618 2522 738 2587; x_wconf 87' lang='lat' dir='ltr'><strong>durius.</strong></span> <span class='ocrx_word' id='word_1_174' title='bbox 783 2520 886 2605; x_wconf 90' lang='lat' dir='ltr'><strong>Atqui</strong></span> 
     </span>
     <span class='ocr_line' id='line_1_28' title="bbox 99 2605 1167 2696; baseline -0.005 -22"><span class='ocrx_word' id='word_1_175' title='bbox 99 2608 170 2684; x_wconf 78' lang='lat' dir='ltr'><strong>Quo</strong></span> <span class='ocrx_word' id='word_1_176' title='bbox 193 2610 241 2674; x_wconf 92' lang='lat' dir='ltr'><strong>nil</strong></span> <span class='ocrx_word' id='word_1_177' title='bbox 264 2609 374 2675; x_wconf 88' lang='lat' dir='ltr'><strong>durius</strong></span> <span class='ocrx_word' id='word_1_178' title='bbox 397 2614 458 2690; x_wconf 85' lang='lat' dir='ltr'><strong>est,</strong></span> <span class='ocrx_word' id='word_1_179' title='bbox 483 2611 623 2696; x_wconf 88' lang='lat' dir='ltr'><strong>lapidem</strong></span> <span class='ocrx_word' id='word_1_180' title='bbox 647 2611 757 2676; x_wconf 88' lang='lat' dir='ltr'><strong>mollis</strong></span> <span class='ocrx_word' id='word_1_181' title='bbox 781 2612 875 2674; x_wconf 85' lang='lat' dir='ltr'><strong>cavat</strong></span> <span class='ocrx_word' id='word_1_182' title='bbox 896 2605 1030 2696; x_wconf 79' lang='lat' dir='ltr'><strong>unda⁶)‚</strong></span> <span class='ocrx_word' id='word_1_183' title='bbox 1126 2631 1167 2670; x_wconf 83' lang='lat'><strong>410</strong></span> 
     </span>
     <span class='ocr_line' id='line_1_29' title="bbox 98 2695 882 2785; baseline 0.001 -24"><span class='ocrx_word' id='word_1_184' title='bbox 98 2697 238 2765; x_wconf 87' lang='lat' dir='ltr'><strong>Malleus</strong></span> <span class='ocrx_word' id='word_1_185' title='bbox 263 2700 391 2765; x_wconf 87' lang='lat' dir='ltr'><strong>excudit</strong></span> <span class='ocrx_word' id='word_1_186' title='bbox 415 2700 503 2764; x_wconf 89' lang='lat' dir='ltr'><strong>duris</strong></span> <span class='ocrx_word' id='word_1_187' title='bbox 527 2701 565 2764; x_wconf 89' lang='lat' dir='ltr'><strong>de</strong></span> <span class='ocrx_word' id='word_1_188' title='bbox 589 2700 717 2776; x_wconf 90' lang='lat' dir='ltr'><strong>cotibus</strong></span> <span class='ocrx_word' id='word_1_189' title='bbox 740 2695 882 2785; x_wconf 75' lang='lat' dir='ltr'><strong>ignesl),</strong></span> 
     </span>
     <span class='ocr_line' id='line_1_30' title="bbox 99 2785 1004 2873; baseline -0.001 -22"><span class='ocrx_word' id='word_1_190' title='bbox 99 2785 323 2872; x_wconf 78' lang='lat' dir='ltr'><strong>Scintillatque</strong></span> <span class='ocrx_word' id='word_1_191' title='bbox 347 2789 429 2853; x_wconf 84' lang='lat' dir='ltr'><strong>silex</strong></span> <span class='ocrx_word' id='word_1_192' title='bbox 453 2789 532 2854; x_wconf 89' lang='lat' dir='ltr'><strong>duro</strong></span> <span class='ocrx_word' id='word_1_193' title='bbox 556 2789 661 2854; x_wconf 88' lang='lat' dir='ltr'><strong>calibe</strong></span> <span class='ocrx_word' id='word_1_194' title='bbox 684 2789 750 2853; x_wconf 91' lang='lat' dir='ltr'><strong>icta</strong></span> <span class='ocrx_word' id='word_1_195' title='bbox 772 2785 1004 2873; x_wconf 65' lang='lat' dir='ltr'><strong>frequenterll,</strong></span> 
     </span>
     <span class='ocr_line' id='line_1_31' title="bbox 100 2872 1024 2963; baseline 0.001 -24"><span class='ocrx_word' id='word_1_196' title='bbox 100 2872 180 2939; x_wconf 84' lang='lat' dir='ltr'><strong>Cum</strong></span> <span class='ocrx_word' id='word_1_197' title='bbox 204 2897 306 2960; x_wconf 88' lang='lat' dir='ltr'><strong>neque</strong></span> <span class='ocrx_word' id='word_1_198' title='bbox 329 2882 361 2941; x_wconf 89' lang='lat' dir='ltr'><strong>te</strong></span> <span class='ocrx_word' id='word_1_199' title='bbox 387 2899 492 2942; x_wconf 90' lang='lat' dir='ltr'><strong>sermo</strong></span> <span class='ocrx_word' id='word_1_200' title='bbox 516 2878 625 2943; x_wconf 86' lang='lat' dir='ltr'><strong>valeat</strong></span> <span class='ocrx_word' id='word_1_201' title='bbox 647 2877 847 2963; x_wconf 84' lang='lat' dir='ltr'><strong>perfringere</strong></span> <span class='ocrx_word' id='word_1_202' title='bbox 870 2877 1024 2960; x_wconf 84' lang='lat' dir='ltr'><strong>blandus,</strong></span> 
     </span>
     <span class='ocr_line' id='line_1_32' title="bbox 98 2960 1054 3052; baseline 0 -25"><span class='ocrx_word' id='word_1_203' title='bbox 98 2960 145 3027; x_wconf 92' lang='lat' dir='ltr'><strong>Ut</strong></span> <span class='ocrx_word' id='word_1_204' title='bbox 169 2964 279 3029; x_wconf 89' lang='lat' dir='ltr'><strong>credas</strong></span> <span class='ocrx_word' id='word_1_205' title='bbox 303 2965 470 3031; x_wconf 91' lang='lat' dir='ltr'><strong>dominum</strong></span> <span class='ocrx_word' id='word_1_206' title='bbox 493 2964 672 3052; x_wconf 80' lang='lat' dir='ltr'><strong>Christum,</strong></span> <span class='ocrx_word' id='word_1_207' title='bbox 695 2988 754 3032; x_wconf 92' lang='lat' dir='ltr'><strong>nec</strong></span> <span class='ocrx_word' id='word_1_208' title='bbox 776 2970 870 3033; x_wconf 87' lang='lat' dir='ltr'><strong>torva</strong></span> <span class='ocrx_word' id='word_1_209' title='bbox 892 2964 1054 3030; x_wconf 88' lang='lat' dir='ltr'><strong>minarum</strong></span> 
     </span>
    </p>
   </div>
   <div class='ocr_carea' id='block_1_3' title="bbox 97 3089 312 3098">
    <p class='ocr_par' dir='ltr' id='par_1_3' title="bbox 97 3089 312 3098">
     <span class='ocr_line' id='line_1_33' title="bbox 97 3089 312 3098; baseline 0.009 -2"><span class='ocrx_word' id='word_1_210' title='bbox 97 3089 312 3098; x_wconf 76' lang='lat'><strong>———</strong></span> 
     </span>
    </p>
   </div>
   <div class='ocr_carea' id='block_1_4' title="bbox 168 3140 571 3196">
    <p class='ocr_par' dir='ltr' id='par_1_4' title="bbox 168 3140 571 3196">
     <span class='ocr_line' id='line_1_34' title="bbox 168 3140 571 3196; baseline 0.01 -4"><span class='ocrx_word' id='word_1_211' title='bbox 168 3144 220 3195; x_wconf 85' lang='grc'><strong>390</strong></span> <span class='ocrx_word' id='word_1_212' title='bbox 241 3154 263 3192; x_wconf 89' lang='lat' dir='ltr'><strong>c.</strong></span> <span class='ocrx_word' id='word_1_213' title='bbox 282 3140 442 3195; x_wconf 78' lang='lat' dir='ltr'><strong>descenditit</strong></span> <span class='ocrx_word' id='word_1_214' title='bbox 459 3141 482 3196; x_wconf 77' lang='lat' dir='ltr'>u</span> <span class='ocrx_word' id='word_1_215' title='bbox 499 3157 571 3196; x_wconf 84' lang='lat' dir='ltr'><strong>eras.</strong></span> 
     </span>
    </p>
   </div>
   <div class='ocr_carea' id='block_1_5' title="bbox 95 3251 310 3260">
    <p class='ocr_par' dir='ltr' id='par_1_5' title="bbox 95 3251 310 3260">
     <span class='ocr_line' id='line_1_35' title="bbox 95 3251 310 3260; baseline 0 -2"><span class='ocrx_word' id='word_1_216' title='bbox 95 3251 310 3260; x_wconf 57' lang='grc'><strong>*-</strong></span> 
     </span>
    </p>
   </div>
   <div class='ocr_carea' id='block_1_6' title="bbox 94 3297 1111 3624">
    <p class='ocr_par' dir='ltr' id='par_1_6' title="bbox 95 3297 1110 3425">
     <span class='ocr_line' id='line_1_36' title="bbox 95 3297 1110 3425; baseline -0.002 -1"><span class='ocrx_word' id='word_1_217' title='bbox 95 3301 213 3425; x_wconf 55' lang='lat' dir='ltr'><strong>munh</strong></span> <span class='ocrx_word' id='word_1_218' title='bbox 232 3298 290 3425; x_wconf 56' lang='lat' dir='ltr'><strong>lii</strong></span> <span class='ocrx_word' id='word_1_219' title='bbox 319 3303 348 3424; x_wconf 69' lang='grc' dir='ltr'><strong>ὅΑ</strong></span> <span class='ocrx_word' id='word_1_220' title='bbox 377 3305 464 3425; x_wconf 57' lang='grc' dir='ltr'>ἶὶι4ὲ</span> <span class='ocrx_word' id='word_1_221' title='bbox 492 3299 576 3425; x_wconf 55' lang='lat' dir='ltr'><strong>rag.</strong></span> <span class='ocrx_word' id='word_1_222' title='bbox 610 3299 722 3424; x_wconf 50' lang='lat' dir='ltr'><strong>mhi</strong></span> <span class='ocrx_word' id='word_1_223' title='bbox 743 3304 794 3353; x_wconf 69' lang='lat'><strong>⁶⁸³</strong></span> <span class='ocrx_word' id='word_1_224' title='bbox 811 3316 852 3367; x_wconf 43' lang='grc' dir='ltr'><strong>Μ’</strong></span> <span class='ocrx_word' id='word_1_225' title='bbox 879 3375 894 3424; x_wconf 83' lang='lat' dir='ltr'><strong>s</strong></span> <span class='ocrx_word' id='word_1_226' title='bbox 934 3301 993 3423; x_wconf 74' lang='lat' dir='ltr'><strong>ill</strong></span> <span class='ocrx_word' id='word_1_227' title='bbox 1019 3297 1110 3423; x_wconf 63' lang='lat' dir='ltr'><strong>lump</strong></span> 
     </span>
    </p>

    <p class='ocr_par' dir='ltr' id='par_1_7' title="bbox 95 3369 1111 3512">
     <span class='ocr_line' id='line_1_37' title="bbox 95 3369 1111 3512; baseline 0 -15"><span class='ocrx_word' id='word_1_228' title='bbox 95 3444 124 3511; x_wconf 76' lang='lat'><strong>4)</strong></span> <span class='ocrx_word' id='word_1_229' title='bbox 143 3387 244 3512; x_wconf 51' lang='lat' dir='ltr'><strong>delia</strong></span> <span class='ocrx_word' id='word_1_230' title='bbox 263 3414 311 3511; x_wconf 80' lang='lat' dir='ltr'><strong>rii,</strong></span> <span class='ocrx_word' id='word_1_231' title='bbox 330 3387 382 3496; x_wconf 61' lang='lat' dir='ltr'><strong>il?</strong></span> <span class='ocrx_word' id='word_1_232' title='bbox 418 3415 424 3427; x_wconf 85' lang='lat'>&#39;</span> <span class='ocrx_word' id='word_1_233' title='bbox 465 3377 821 3510; x_wconf 66' lang='lat' dir='ltr'><strong>ll&#39;rli.⁷1⁸1‘{&#39;1l.⁹u⁸f³&#39;a.</strong></span> <span class='ocrx_word' id='word_1_234' title='bbox 896 3369 1011 3510; x_wconf 60' lang='lat' dir='ltr'><strong>lc)⁰0‘v.</strong></span> <span class='ocrx_word' id='word_1_235' title='bbox 1028 3377 1111 3497; x_wconf 58' lang='lat' dir='ltr'><strong>ilat:</strong></span> 
     </span>
    </p>

    <p class='ocr_par' dir='ltr' id='par_1_8' title="bbox 94 3511 1006 3624">
     <span class='ocr_line' id='line_1_38' title="bbox 94 3511 1006 3591; baseline -0.001 -26"><span class='ocrx_word' id='word_1_236' title='bbox 94 3512 143 3581; x_wconf 79' lang='lat' dir='ltr'><strong>lv,</strong></span> <span class='ocrx_word' id='word_1_237' title='bbox 163 3518 206 3583; x_wconf 86' lang='lat'><strong>10,</strong></span> <span class='ocrx_word' id='word_1_238' title='bbox 224 3519 249 3568; x_wconf 80' lang='grc' dir='ltr'><strong>ὁ.</strong></span> <span class='ocrx_word' id='word_1_239' title='bbox 323 3516 350 3579; x_wconf 77' lang='grc'><strong>7)</strong></span> <span class='ocrx_word' id='word_1_240' title='bbox 370 3512 453 3582; x_wconf 79' lang='lat' dir='ltr'><strong>Verg.</strong></span> <span class='ocrx_word' id='word_1_241' title='bbox 473 3512 532 3568; x_wconf 85' lang='lat' dir='ltr'><strong>Ecl.</strong></span> <span class='ocrx_word' id='word_1_242' title='bbox 551 3511 625 3581; x_wconf 81' lang='lat' dir='ltr'>VIII,</span> <span class='ocrx_word' id='word_1_243' title='bbox 643 3518 686 3567; x_wconf 84' lang='lat'><strong>43.</strong></span> <span class='ocrx_word' id='word_1_244' title='bbox 760 3513 787 3581; x_wconf 62' lang='lat'><strong>8)</strong></span> <span class='ocrx_word' id='word_1_245' title='bbox 806 3511 878 3567; x_wconf 81' lang='lat' dir='ltr'><strong>Aen.</strong></span> <span class='ocrx_word' id='word_1_246' title='bbox 896 3511 924 3578; x_wconf 60' lang='lat'><strong>1„</strong></span> <span class='ocrx_word' id='word_1_247' title='bbox 936 3517 1006 3591; x_wconf 43' lang='lat' dir='ltr'><strong>tulf.</strong></span> 
     </span>
     <span class='ocr_line' id='line_1_39' title="bbox 957 3597 975 3624; baseline 0 0"><span class='ocrx_word' id='word_1_248' title='bbox 957 3597 975 3624; x_wconf 63' lang='grc' dir='ltr'>Ι</span> 
     </span>
    </p>
   </div>
   <div class='ocr_carea' id='block_1_7' title="bbox 936 3601 960 3646">
    <p class='ocr_par' dir='ltr' id='par_1_9' title="bbox 936 3601 960 3646">
     <span class='ocr_line' id='line_1_40' title="bbox 936 3601 960 3646; baseline 0 0"><span class='ocrx_word' id='word_1_249' title='bbox 936 3601 960 3646; x_wconf 62' lang='lat' dir='ltr'><strong>*b</strong></span> 
     </span>
    </p>
   </div>
   <div class='ocr_carea' id='block_1_8' title="bbox 0 0 1238 3826">
    <p class='ocr_par' dir='ltr' id='par_1_10' title="bbox 0 0 1238 3826">
     <span class='ocr_line' id='line_1_41' title="bbox 0 0 1238 3826; baseline 0 1"><span class='ocrx_word' id='word_1_250' title='bbox 0 0 1238 3826; x_wconf 95' lang='lat' dir='ltr'><strong> </strong></span> 
     </span>
    </p>
   </div>
  </div>
 </body>
</html>
