2468 3826
138 172 182 236 54
507 169 612 226 saxrl
631 169 784 225 AMAROII

138 334 286 399 Dedecus
310 338 342 398 εὴ
366 334 470 398 scelus
494 338 557 418 est,
581 337 614 397 εὴ
636 334 669 398 vi
692 354 895 416 corrumpere
919 333 1049 399 multas.

84 442 124 481 2⁶0
137 423 262 507 Iupiter
284 422 347 487 hoc
370 422 446 507 egit.
492 421 579 487 Deus
603 422 684 487 haut
705 423 769 487 fuit
792 442 869 507 ergo
892 421 1072 509 vocandus,

139 511 220 578 Cum
244 533 339 596 quern
361 533 420 576 nos
445 511 590 596 colimus,
614 511 669 596 qui
690 511 765 576 fons
789 515 840 575 est
862 515 1013 595 metaque
1032 534 1162 601 rerum,

136 599 246 666 Nullis
269 601 408 665 infectus
431 601 523 665 viciis
546 601 659 665 insons
682 599 851 665 habeatur.

136 688 282 774 Virginis
306 711 344 754 ex
367 694 460 754 utero
484 711 542 754 ceu
566 710 704 772 sponsus
727 689 765 752 de
788 689 934 754 thalamo
958 688 1014 752 ille

136 778 262 843 Prodiit
284 779 380 862 inque
403 779 485 843 rubo
509 799 640 843 versans
663 800 731 843 non
754 778 837 843 ussit
860 778 1005 842 eundern.

83 884 122 924 265
136 866 254 933 Nullus
278 890 351 932 eum
374 867 496 951 poterit
517 867 650 933 vitanda
672 870 820 952 patrasse
844 866 997 951 probare,

137 956 303 1023 Socratico
328 978 523 1041 quamquam
548 961 681 1021 cunctos
706 956 882 1020 discindere
906 976 1007 1020 cornu

136 1044 274 1112 Noverit
298 1049 440 1111 astantes
465 1050 498 1110 et
520 1044 708 1110 Aristotiles
731 1045 794 1109 fuit
818 1045 908 1109 alter.

136 1132 231 1199 Nunc
256 1155 329 1218 age,
352 1133 491 1219 Nasoni,
515 1156 593 1198 num
617 1130 1027 1219 Gallo1)‚num1uvenali

136 1222 181 1286 Et
204 1222 305 1286 Parce
328 1226 463 1306 parcant
487 1226 519 1286 et
542 1221 657 1287 Gratia
681 1222 725 1286 sit
747 1222 823 1304 pia?
861 1221 982 1286 Verum

83 1328 122 1366 2⁷0
138 1309 318 1395 Alchimus‚
343 1309 475 1395 Arator,
500 1309 648 1375 Sedulius
673 1316 768 1396 atque
792 1311 948 1376 Iuvencus

136 1398 213 1465 Non
235 1400 316 1463 bene
340 1401 478 1464 tornetis
503 1403 672 1484 apponunt
694 1399 785 1485 regia
807 1396 927 1485 vasis²)

136 1488 280 1555 Fercula.
325 1488 426 1553 Miror
449 1510 517 1573 eos,
541 1510 608 1553 non
631 1488 732 1553 audeo
756 1487 947 1571 vituperare.

135 1578 230 1644 Nunc
254 1578 293 1642 ad
318 1601 386 1642 rem
408 1578 513 1643 redeo.
559 1576 725 1643 Subvertit
748 1579 879 1661 crapula
903 1579 1017 1644 castos.

137 1666 243 1743 Quid?
289 1664 439 1752 Daniel³)
463 1668 568 1732 celebs
593 1667 739 1750 captivus
764 1672 895 1750 tresque
918 1667 1041 1752 pusilli,

83 1771 122 1812 sio
138 1755 241 1839 Quos,
264 1777 324 1839 que
349 1755 499 1820 confusas
523 1759 664 1820 testatur
686 1757 817 1820 nomine
841 1755 983 1840 linguas,

136 1844 204 1907 Rex
227 1845 317 1908 urbis
341 1845 462 1928 tenuit,
486 1866 558 1909 cum
584 1867 617 1908 se
641 1844 738 1908 nimis
763 1866 833 1908 esse
857 1844 1014 1929 dolerent,

135 1932 325 1997 Iconomum
349 1933 435 2018 regis
461 1933 556 1998 sociis
579 1932 749 1998 facundior
772 1933 845 1998 istis

136 2021 325 2106 Alloquitur
348 2020 479 2086 Daniel:
502 2020 602 2107 „Cum
625 2044 708 2105 pane
731 2022 895 2107 legumina
918 2023 1014 2088 nobis

136 2108 216 2194 Des,
239 2132 303 2176 non
328 2111 400 2194 plus
423 2110 590 2195 petimus.“
635 2109 694 2176 Oui
718 2113 867 2195 princeps
893 2111 1129 2180 eunuchorum:

82 2197 274 2286 aquilegae
297 2221 393 2285 rogas
417 2205 450 2265 εὴ
473 2223 534 2285 que
557 2205 722 2286 nequeunt
743 2201 826 2285 ficri,
851 2201 926 2285 quia
948 2222 1016 2286 rex,
1040 2202 1069 2266 si

135 2287 205 2354 Vos
228 2289 303 2374 plus
327 2291 456 2374 cquevis
479 2293 631 2354 tenuesve
654 2311 819 2354 macrosve
843 2289 980 2375 videbis,

135 2375 206 2443 Hoc
230 2382 327 2463 caput
350 2379 496 2443 infensus
519 2378 617 2443 faciet
639 2400 790 2444 mucrone
813 2377 940 2443 recidi.“

134 2464 288 2551 Tuncque
312 2467 353 2531 ad
375 2466 547 2551 Malasser‚
569 2488 709 2552 namque
732 2467 760 2531 is
785 2467 884 2551 spado
909 2467 1028 2552 prefuit
1051 2467 1151 2553 ipsis:

134 2553 254 2638 „Pastu
278 2557 403 2640 vulgari
427 2556 517 2621 denis
541 2578 600 2621 nos
623 2577 719 2640 pasce
743 2555 869 2639 diebus,

81 2656 121 2698 2⁸5
136 2641 281 2726 Cumque
304 2646 370 2709 tuis
394 2646 496 2710 servis
519 2644 619 2709 facito
643 2649 720 2709 tuno
742 2649 780 2709 ut
802 2644 871 2709 fore
895 2642 1035 2710 cernes.“

134 2730 239 2815 Dixit,
263 2732 376 2796 atille
399 2734 444 2816 pii
467 2733 612 2799 Danielis
636 2735 736 2799 verba
758 2733 918 2819 benignus

206 2965 258 3016 268
278 2978 300 3015 c.
319 2976 395 3015 nunc
414 3001 420 3014 .
436 3002 442 3014 .
461 2977 536 3016 nanc
632 2967 684 3017 270
704 2978 727 3016 c.
747 2963 868 3017 sedulius
885 2978 941 3017 non
959 2962 1006 3018 scd
1024 2963 1099 3018 alias
1116 2967 1150 3020 ut

134 3032 205 3088 de.
224 3032 295 3104 legit
349 3037 400 3086 273
416 3032 596 3087 c.subocrtil
650 3039 703 3087 274
718 3050 740 3087 c.
759 3035 861 3103 trisque
880 3049 949 3088 corr.
969 3034 997 3087 M
1052 3039 1104 3088 275
1124 3052 1147 3090 c.

133 3156 231 3210 quosq;
248 3116 330 3211 quood
349 3156 418 3194 corr.
439 3138 468 3191 M
539 3143 591 3192 279
610 3137 679 3209 Des]
698 3140 831 3194 eiuras.
852 3155 902 3196 scr.
923 3138 953 3192 M

207 3339 233 3406 1)
265 3353 366 3407 nempe
397 3332 526 3390 Cornelio
552 3333 645 3402 Gallo,
678 3333 713 3388 cl.
743 3334 819 3390 Serv.
847 3333 884 3390 ad
912 3334 996 3402 Verg.
1025 3335 1084 3390 Ecl.
1113 3335 1146 3392 X.

134 3408 162 3475 2)
182 3407 248 3462 Hor.
267 3409 318 3478 Ep.
338 3406 372 3475 ΙΙ,
392 3413 416 3474 3,
436 3411 501 3472 441;
524 3405 558 3459 cf.
579 3404 718 3474 (Winrici)
739 3422 851 3460 carmen
869 3405 911 3460 ed.
932 3405 1031 3475 Kraus
1049 3405 1147 3462 Jahrb.

134 3476 184 3531 des
207 3477 324 3534 Vereins
350 3495 404 3533 von
428 3475 740 3532 Alterthumsfreunden
766 3478 805 3532 im
833 3475 1008 3530 Rheinlendc
1034 3477 1069 3546 L,
1093 3483 1147 3534 236

133 3563 174 3602 vs.
195 3554 254 3604 loe.
327 3551 355 3618 3)
375 3548 444 3603 Dan.
467 3553 490 3617 1,
509 3553 534 3603 3.
554 3554 579 3603 6.
599 3554 623 3604 8.
645 3553 685 3602 12.
707 3554 748 3603 10.
770 3553 809 3601 11.
831 3552 872 3601 12.
894 3553 934 3601 13.
