2468 3826
480 174 589 228 LIBER
606 173 655 227 IIl.

64 335 155 400 Esto.
200 335 261 401 Sed
284 337 421 402 interius
444 336 562 400 sinon
584 336 655 400 vult
678 335 832 400 candidus
856 357 940 420 esse,

66 424 190 489 Extera
211 424 345 510 nigredo
368 425 416 489 nil
440 423 580 507 confert,
604 423 723 488 credite
746 424 848 490 nobis.

66 513 112 576 At
134 535 191 577 vos
213 513 386 597 presbiteri
408 517 556 598 pastores
581 515 677 597 atque
701 512 850 598 magistri

62 600 220 687 Ecdeme,
243 623 281 666 ex
304 603 421 666 animis
444 602 583 666 conubia
605 601 716 684 pellite
740 602 865 665 vestris.

10 716 13 722 ’
62 688 207 753 Econtra
229 690 403 775 inprudens
426 691 505 756 dicit
528 689 622 754 mihi:
645 686 734 773 „Qua
756 690 884 753 ratione
1090 704 1130 745 ⁷5⁰

64 777 188 841 Gaudia
211 781 354 863 coniugii
377 780 458 844 mihi
482 777 666 844 subtrahis?
712 777 806 843 Unde
829 776 991 842 Iohannes

62 866 178 930 Editus
202 872 264 953 est,
287 867 451 933 Christum
474 868 583 952 typico
608 866 663 951 qui
685 865 783 930 tinxit
805 866 839 930 in
863 865 997 930 amned‘

64 953 156 1037 „Hoc
179 977 240 1040 ego
265 957 310 1021 sic
333 957 438 1021 solvo:
461 956 590 1022 Veteris
613 956 685 1039 quis
709 955 836 1019 somnia
859 954 942 1040 legis

64 1041 240 1126 Comparet
261 1043 337 1109 huic
361 1049 460 1127 certe,
484 1046 556 1128 quis
579 1044 664 1147 repis
687 1043 823 1108 artubus
846 1044 1009 1127 umbram,

64 1114 184 1206 Quisve
208 1132 358 1197 cimiterii
380 1137 506 1198 metuat
528 1100 666 1198 lddidres
691 1133 783 1215 quasi
807 1152 884 1196 vera
1089 1146 1128 1186 755

63 1217 231 1304 Corpora?
276 1219 389 1286 Prisca
410 1221 475 1285 fuit
497 1221 549 1285 lex
571 1221 667 1285 huius
690 1221 773 1306 legis
796 1220 906 1307 imago

62 1307 108 1373 Ut
131 1309 238 1391 pictus
261 1310 328 1375 vivi
352 1314 386 1375 et
409 1312 567 1374 currentis
590 1310 738 1374 bubalus.
784 1309 871 1374 Olim

64 1395 220 1472 Quassari
242 1399 339 1463 iussit
362 1399 491 1463 dentem
514 1421 573 1482 pro
597 1400 692 1463 dente
715 1401 809 1463 vetus
832 1395 932 1483 lex1),

63 1483 124 1549 Sed
148 1485 228 1550 dicit
250 1509 336 1552 nova
358 1487 423 1551 lex:
446 1488 481 1550 in
504 1486 650 1551 dextram
673 1486 894 1550 mandibulam
917 1491 950 1550 te

64 1569 98 1635 si
121 1574 193 1656 quis
218 1575 324 1658 cedat,
347 1576 377 1637 ei
399 1576 528 1657 paciens
551 1575 686 1658 prebeto
709 1574 808 1637 aliam
830 1571 908 1658 tur)
1089 1589 1129 1628 ⁷⁶0

64 1658 251 1742 Composita
275 1662 362 1725 mala
384 1668 493 1726 vestra
517 1663 596 1726 satis
620 1660 791 1725 defenditis
815 1663 901 1726 acta!

65 1747 172 1832 Turpe
196 1750 354 1833 estquod
378 1750 544 1833 proprium
566 1750 679 1832 violas,
702 1750 898 1834 onocrotalo,
920 1746 1075 1836 nidum.³)

64 1836 115 1900 Ad
140 1836 374 1902 defendendum
398 1839 559 1921 sapientes
583 1841 660 1903 estis
683 1839 844 1922 iniquum,

64 1924 114 1987 Ad
138 1929 262 1990 rectum
287 1926 388 1991 stulti.
434 1925 639 2012 Quapropter
662 1928 708 1992 sic
732 1928 854 1992 domini
878 1950 936 1992 vas

61 2013 252 2098 Prudentes‚
275 2015 395 2100 inquit,
415 2019 494 2080 ‘sunt
517 2022 555 2080 ut
576 2014 700 2081 faciant
722 2017 823 2101 mala,
845 2016 940 2080 stulti
1088 2037 1128 2077 res

61 2101 107 2166 Ut
129 2102 251 2167 faciant
274 2102 403 2189 bona4)
446 2104 495 2169 Ob
517 2105 579 2169 hoc
602 2105 763 2170 carnalem
788 2105 932 2187 spernite
953 2106 1074 2188 luxum,

62 2188 210 2273 Namque
234 2191 293 2255 deo
316 2196 479 2274 nequeunt
503 2193 560 2276 qui
583 2193 717 2256 suntin
740 2213 835 2255 carne
857 2194 994 2276 placere.

62 2276 115 2341 Ah
139 2279 250 2361 miser,
274 2278 313 2342 ad
337 2301 484 2344 mensam
508 2279 630 2344 domini
653 2281 707 2363 qui
731 2280 863 2363 putidus
887 2281 934 2343 ire

63 2365 138 2430 Non
162 2366 290 2452 horres,
314 2371 525 2451 sanctumque
549 2368 617 2432 eius
641 2368 828 2452 contingere
851 2389 967 2450 eorpus

62 2454 201 2519 Pollutis
224 2457 389 2537 manibus,
412 2478 526 2541 capsas
550 2457 589 2520 de
612 2456 717 2520 thuris
741 2453 883 2542 acerra⁵)
1088 2478 1129 2518 no

61 2541 146 2618 Quid
169 2543 279 2608 suffire
301 2545 407 2627 iuvat,
429 2550 546 2629 putens
569 2568 642 2611 oum
664 2550 702 2610 tu
724 2545 847 2609 cinicus
871 2544 937 2609 sis?

62 2629 145 2707 Quid
167 2632 285 2698 lavisse
309 2656 424 2698 manus
448 2635 604 2699 inmundo
627 2638 756 2719 pectore
779 2633 933 2716 prodest?

60 2718 140 2795 Quis
163 2725 289 2786 mutare
312 2745 424 2787 canem
449 2723 499 2788 vel
524 2745 608 2807 aqua
630 2722 683 2786 vel
706 2723 833 2805 pectine
855 2723 983 2807 possit?

61 2810 155 2872 Anne
178 2814 248 2893 tua,
272 2817 390 2895 quate
414 2809 602 2895 circumdas,
626 2811 819 2876 sanctificari

62 2895 161 2961 Veste
184 2898 303 2982 putas?
344 2898 441 2963 Tiriis
463 2900 589 2964 inserto
612 2900 756 2965 vestibus
780 2923 858 2966 auro
1088 2920 1127 2961 775

60 2982 163 3050 Simia
186 2987 321 3071 veletur,
344 3008 409 3052 non
432 2987 527 3052 simia
551 2989 670 3053 desinit
692 3010 770 3054 esse.

60 3118 275 3128 ———

132 3200 184 3249 755
203 3211 226 3248 c.
247 3196 315 3266 Quis
333 3214 393 3252 rere
453 3214 483 3254 re
501 3215 570 3253 eras.
643 3203 696 3253 758
715 3215 737 3252 c.
753 3200 886 3266 prodente
957 3202 1008 3253 751
1028 3200 1072 3253 de-

58 3265 184 3337 fenditis]
204 3267 230 3321 is
247 3265 277 3321 in
296 3284 350 3324 ras.
370 3268 501 3338 (sonasse
520 3269 597 3339 prius
612 3270 635 3336 e)
653 3286 704 3325 scr.
723 3269 752 3322 M
807 3273 858 3322 772
878 3285 901 3325 c.
920 3270 952 3323 in
970 3271 1072 3324 mundo

133 3463 159 3529 1)
177 3460 267 3517 Levit.
287 3468 331 3526 24,
349 3469 393 3517 20.
461 3466 489 3532 2)
507 3462 608 3518 Matth.
627 3467 653 3529 5,
672 3468 716 3518 82.
783 3465 810 3530 3)
830 3461 865 3516 ef.
884 3462 1006 3520 Martial.
1025 3464 1075 3531 xl,

60 3535 161 3600 2210.
226 3536 255 3602 4)
276 3540 290 3588 l
311 3534 373 3589 Cor.
392 3540 417 3600 3,
438 3538 479 3588 18.
552 3535 579 3603 ὁ)
598 3533 647 3589 Or.
664 3532 740 3588 Fast.
753 3531 885 3603 Noae.
