2468 3826
120 173 141 236 6
490 169 595 225 sauri
613 170 767 226 AMAROII

120 334 181 401 Oui
205 335 295 400 cuius
320 355 413 401 casus
437 334 584 418 querenti
606 334 742 399 verbera
765 333 874 397 neutri

119 423 238 489 Reddit
262 423 410 508 apudque
435 423 556 508 probos
580 426 646 487 stat
669 425 760 487 muto
784 421 944 507 inglorius
968 444 1023 488 ore

119 512 164 577 Et
186 512 293 577 fronte
317 509 494 598 obstipa1);
517 533 585 577 non
607 511 746 594 presulis
770 510 881 575 horret
904 512 993 576 adire

120 599 229 684 Atria,
253 600 410 665 distentas
433 600 581 664 rutilanti
603 600 689 665 fasce
713 621 881 665 crumenas

68 709 106 749 185
121 688 324 774 Apportans,
347 711 464 756 vernas
488 689 591 754 ambit
615 689 842 773 dominumque
867 693 1007 775 serenat;

20 805 23 810 ·
120 777 208 843 Nem
230 778 382 843 frendens
405 777 478 843 visu
503 777 648 865 subridet
672 776 842 861 episcopus
866 800 953 845 auro.

23 941 26 946 ,
120 865 183 931 Hic
207 868 263 932 ubi
286 867 436 932 ruricolis
459 887 592 931 nummo
615 865 743 931 fautore
768 867 917 932 sacerdos

120 954 183 1020 Est
206 956 316 1039 datus,
338 955 475 1020 infirmis
500 955 597 1020 audet
620 954 795 1020 subducere
819 977 935 1039 corpus

64 1065 75 1077 ·
120 1044 289 1128 Divinum,
312 1044 378 1109 nisi
401 1044 517 1109 dentur
540 1044 570 1107 ei
594 1044 644 1108 vel
668 1047 806 1127 quatuor
830 1066 932 1129 asses,

68 1153 107 1192 140
122 1132 207 1209 Quin
230 1138 263 1197 et
286 1133 314 1196 si
336 1132 499 1197 infantum
523 1132 649 1196 subitus
673 1132 765 1197 dolor
788 1134 914 1217 appetit
936 1138 1026 1200 artus

120 1220 274 1287 Nondum
297 1221 475 1285 tinctorum
499 1225 625 1286 sacrato
648 1220 810 1305 insonte,
834 1221 996 1306 malignus

121 1307 292 1374 Absterret
315 1310 465 1393 querulos
489 1309 590 1393 prolis
615 1309 654 1373 de
678 1313 783 1374 morte
805 1311 1004 1397 propinqua3

120 1397 167 1481 „0
192 1400 331 1482 quantus
354 1398 449 1463 labor
472 1402 522 1462 est
544 1400 617 1481 plus
641 1399 869 1463 insistentibus
892 1399 972 1464 illis!

121 1485 148 1551 0
174 1486 202 1550 si
224 1487 276 1551 bis
299 1488 385 1552 senis
409 1486 526 1552 rotulis
550 1487 630 1551 mihi
652 1487 764 1571 palma
787 1492 942 1571 gravetur

68 1595 107 1636 ns
121 1574 275 1661 Argenti,
297 1580 375 1660 puto
400 1575 446 1640 sic
469 1580 581 1658 posset
603 1575 697 1640 labor
718 1576 782 1641 iste
806 1576 936 1642 levari.“

122 1660 239 1749 Sicque
262 1667 346 1729 mori
369 1664 480 1750 plures
503 1665 622 1749 linquit
645 1665 714 1729 sine
738 1665 904 1750 crismate,
928 1686 1042 1751 gazam

121 1752 239 1817 Illicite
263 1774 438 1835 expensam
462 1753 592 1818 sibimet
614 1753 799 1838 persolvere
822 1776 974 1838 querens,

121 1839 256 1905 Duriter
277 1840 332 1905 ille
355 1842 474 1907 stolam
497 1842 694 1926 calicemque
717 1843 816 1907 miser
839 1842 986 1906 luiturus.

121 1928 273 1993 Preterea
296 1930 324 1994 si
348 1929 403 2012 qui
427 1952 485 1994 sua
507 1930 656 2015 plebibus
680 1952 737 1995 ora
759 1930 939 2013 resolvunt,

70 2039 109 2079 150
123 2017 336 2104 Promulgare
360 2040 469 2083 sacras
493 2018 539 2084 sic
562 2018 735 2083 intendunt
757 2017 892 2083 omelias

122 2105 170 2172 Ut
192 2107 266 2191 plus
289 2128 348 2192 pro
372 2107 514 2172 nummis
538 2130 634 2192 quam
657 2129 716 2191 pro
740 2106 885 2172 mercede
908 2106 1055 2172 tonantis

122 2194 218 2260 Ultro
241 2196 439 2279 prebendam
461 2196 633 2262 videantur
654 2196 792 2280 pandere
817 2200 973 2262 sanctam.

123 2283 208 2360 Quid
231 2284 270 2350 de
294 2285 469 2366 conversis,
494 2307 575 2368 quos
598 2288 689 2351 recto
713 2288 746 2352 et
768 2285 900 2353 nomine
923 2307 1000 2352 vero

123 2373 299 2457 Appellare
321 2374 434 2439 volens
457 2395 627 2458 perversos
651 2375 755 2439 dicere
779 2375 886 2458 debet,

69 2481 108 2522 155
123 2459 263 2546 Christe,
286 2462 413 2528 feram?
452 2460 624 2525 Sedenim
647 2462 829 2527 tenebrosis
852 2463 999 2528 vestibus
1024 2468 1114 2529 artus

122 2547 301 2614 Frenantes
325 2551 466 2616 tumidos
491 2553 524 2614 et
546 2554 692 2613 amantes
716 2550 828 2614 abdita
851 2551 993 2616 claustra

123 2637 295 2720 Primitus,
316 2638 402 2703 inter
425 2661 459 2704 se
482 2638 641 2723 paulatim
663 2637 784 2702 'nobilis
808 2639 879 2703 auri

122 2727 325 2811 Argentique
349 2730 485 2810 struem,
509 2730 632 2812 quanta
656 2730 705 2792 est
728 2727 881 2811 cuiusque
905 2727 1058 2813 facultas,

124 2812 255 2880 Secreto
280 2813 425 2879 conferre
450 2816 595 2899 student,
618 2838 681 2902 quo
704 2816 839 2901 limpide
863 2838 973 2881 coram

72 2925 110 2965 ico
125 2901 262 2970 Succina
284 2903 460 2988 prodentes
485 2905 686 2970 consciscere
710 2907 839 2991 singula
862 2905 982 2970 sensim

123 2993 213 3059 Rura
236 2995 366 3077 queant.
410 2989 474 3056 Hic
497 2989 671 3058 fulmineus
695 2995 785 3077 cupit
808 3016 877 3059 esse
902 2994 1056 3077 decanus,

124 3081 218 3146 Alter
242 3102 415 3168 egenorum
438 3079 586 3165 provisor
609 3080 738 3166 flagitat
760 3103 844 3165 esse,

198 3298 248 3346 131
269 3292 335 3364 Oai]
355 3309 378 3346 c.
401 3291 456 3361 Qui
474 3306 544 3345 corr.
610 3296 661 3345 132
680 3305 703 3344 c.
719 3288 803 3345 Reor
817 3289 910 3361 apdq;
928 3290 1032 3346 Reddit
1050 3291 1142 3360 apdc't·

124 3379 175 3431 que
193 3363 329 3418 Herschel
385 3367 435 3418 157
455 3377 477 3417 c.
497 3362 529 3416 ia
546 3366 615 3418 torae
671 3367 720 3417 161
741 3378 763 3417 c.
782 3362 847 3418 binc
866 3363 931 3432 (tic)
951 3363 992 3416 ita
1006 3360 1143 3417 Hersohel

197 3541 224 3607 1)
243 3538 310 3596 nor.
329 3539 388 3597 sat.
406 3539 441 3610 11,
460 3544 485 3608 e,
504 3544 547 3594 oa.
