2468 3826
91 109 133 174 12
458 109 563 165 SEXTI
580 108 736 165 AMARCII

89 272 291 356 inflaturque
314 293 430 358 genas,
452 275 490 337 ut
512 274 627 356 onustq
649 273 763 337 tubere
786 273 873 356 turpi

36 380 75 420 eos
89 361 278 447 Assurgunt
300 362 445 446 scapule,
467 362 557 426 velut
578 362 670 425 uncis
692 361 855 447 unguibus
880 360 959 425 olim

89 448 209 514 Haurit
231 450 403 515 tabifluum
426 451 519 535 pellis
544 450 685 514 lacerata
708 450 868 533 liquorem

88 539 288 623 Aspiratque
310 560 396 604 nouo
420 539 528 604 sanies
553 538 678 603 exotica
700 538 788 621 folli,

89 627 158 692 Aut
180 630 218 691 ut
240 649 356 711 oqnosq
379 627 520 692 brumali
543 631 689 710 tempore
712 623 829 714 lam91)

88 715 303 800 Declivesque
326 716 376 799 riq
398 716 511 780 nimbo
534 717 667 800 turgent
689 710 904 798 tenebrosol)

35 803 134 869 a1oHt
157 805 304 870 sublatus
327 805 422 869 inobs
445 804 551 889 quivis
573 803 634 886 hee
657 803 753 868 corde
775 804 915 868 volutat:

88 892 202 978 „Hem,
221 895 293 978 quis
308 913 370 978 ego
384 895 470 958 sum!
490 893 602 978 quisue
621 891 703 957 mihi
716 892 798 976 par?
827 890 966 956 Hercule
980 890 1091 955 nullus

89 981 239 1066 Namque
260 983 352 1047 fruor
375 982 484 1047 simila
506 983 579 1066 plus
603 980 767 1048 Caucasea
788 981 864 1046 nive
887 1002 980 1064 cana,

90 1070 160 1135 Nec
183 1092 281 1155 porro
306 1090 406 1154 cogor
429 1070 582 1156 gingivas
604 1091 711 1154 urere,
735 1071 853 1155 quippe

89 1156 151 1223 cui
173 1179 286 1241 passer
308 1159 397 1222 visco
421 1159 609 1243 capiturque
632 1159 779 1222 timallus
803 1159 844 1222 ab
867 1158 976 1223 hamo.

36 1263 77 1304 eu
91 1243 245 1331 Stragula
267 1246 357 1329 palla
379 1245 460 1310 mihi
483 1249 534 1310 est
557 1249 590 1310 et
612 1245 724 1310 iuncto
746 1267 891 1330 purpura
914 1267 1017 1311 cocco.

90 1333 176 1410 Quid
200 1334 347 1400 dubitem
368 1331 509 1421 tortosl)
532 1334 634 1399 cidari
656 1333 807 1399 cohibere
831 1335 982 1419 capillos,

90 1423 159 1488 Aut
182 1445 239 1488 cur
261 1445 313 1488 me
335 1423 459 1488 nitidus
482 1445 548 1488 non
572 1423 683 1508 cingat
704 1423 832 1488 balteus
855 1420 989 1509 auro⁴)?

90 1510 177 1578 Nam
201 1516 234 1577 et
256 1515 365 1578 totum
389 1534 507 1597 corpus
530 1511 669 1597 gemmis
692 1511 801 1577 velare
824 1513 966 1578 coruscis

90 1599 136 1681 Et
158 1601 346 1686 margaritis
369 1624 518 1687 possum,
541 1601 622 1666 mihi
645 1601 673 1666 si
695 1601 803 1685 placet
824 1602 915 1668 illud.

37 1709 77 1748 ³20
91 1688 127 1754 Si
149 1690 243 1772 libat,
266 1694 303 1754 ut
327 1711 463 1776 magnos
487 1693 597 1776 gestat
618 1711 670 1754 me
692 1690 771 1754 reda
795 1690 947 1767 Quirites.

90 1777 256 1842 Hactenus
280 1777 401 1842 indulsi
424 1800 483 1842 nec
505 1779 630 1843 vindice
653 1778 749 1842 dente
772 1778 925 1856 remordi,
1020 1794 1025 1805 ·

91 1863 126 1929 Si
149 1865 220 1948 quis
242 1887 357 1949 „rauce
381 1865 488 1930 culix“
510 1865 593 1930 dixit
613 1864 694 1928 mihi
715 1864 835 1947 „fetide
859 1860 1020 1949 cimex“.⁶)

90 1953 162 2017 Iam
186 1954 241 2037 qui
265 1952 349 2018 dicet
371 1953 456 2018 idem
479 1953 574 2034 mihi,
597 1953 684 2017 bubo
709 1952 853 2017 scrofaue
876 1952 950 2017 fiee:

91 2039 126 2107 si
150 2038 288 2128 soleasl)
313 2043 474 2127 quondam
498 2045 531 2106 et
553 2034 703 2127 plieleras
727 2041 761 2106 in
783 2062 924 2126 paupere
946 2044 1034 2107 tecto

37 2149 77 2190 aas
92 2129 239 2217 Conpegi
262 2133 319 2195 aut
342 2132 457 2196 molles
480 2131 620 2196 fiscellas
643 2129 764 2196 vimine
786 2126 921 2216 lentol),

91 2219 187 2286 Nunc
211 2241 284 2285 mea
307 2242 359 2285 me
382 2222 486 2286 uirtus
511 2225 544 2285 et
566 2221 649 2285 cista
670 2219 792 2284 referta
813 2216 965 2306 lucello⁸)

91 2309 233 2394 Extulit,
258 2310 411 2394 absistat,
434 2310 485 2375 cui
508 2310 649 2394 populus
673 2305 781 2396 albal)
805 2308 933 2393 mapale

91 2398 159 2463 Dat
180 2398 379 2483 fruticesque
402 2399 516 2464 breves
540 2420 602 2482 que
625 2398 698 2481 pisa
720 2402 874 2482 procurat
898 2401 930 2461 et
953 2398 1058 2462 omnis

38 2496 40 2500 '
91 2484 168 2551 Non
190 2486 272 2553 bene
296 2488 450 2568 vestitus,
472 2487 652 2568 scabiosus,
674 2486 775 2567 iners,
798 2485 925 2567 strabo,
949 2484 1072 2550 varus.“

39 2592 80 2631 ³³0
93 2572 162 2638 Hec
185 2595 289 2639 nouus
313 2581 371 2642 aut
392 2576 487 2662 paria
509 2574 561 2640 his
584 2575 670 2638 elato
693 2575 825 2657 pectore
847 2573 956 2638 iactat.

93 2659 162 2726 Nec
186 2662 294 2726 minus
318 2664 379 2730 hoc
403 2667 512 2730 errant
533 2663 689 2747 primates
713 2665 747 2726 et
769 2661 931 2747 generosi,

93 2747 155 2824 Qui
178 2750 217 2814 de
240 2753 391 2836 tesauris,
415 2753 521 2818 titulis
545 2751 724 2836 statuisque
747 2753 908 2815 tumentes

165 2948 216 2998 311
245 2941 328 3014 Hem]
357 2943 429 2998 Item
456 2942 592 2997 Herschel
617 2941 688 2998 falso
784 2948 836 2997 313
864 2959 888 2997 c.
915 2942 1044 3014 piapciae
1067 2940 1110 2997 ita

92 3013 228 3069 Herschel
317 3019 370 3069 331
394 3030 417 3068 c.
440 3015 570 3069 indulsi
659 3018 712 3067 338
734 3013 901 3083 fruticesque
921 3011 1056 3068 Herschel
1077 3012 1111 3066 ut

92 3085 204 3140 videtur
222 3101 315 3141 errore
334 3083 506 3155 typographi
594 3083 657 3158 quq]
674 3101 711 3137 an
730 3085 795 3153 qui?

166 3263 193 3330 1)
217 3261 250 3318 cf.
274 3261 340 3317 Hor.
364 3261 416 3330 Ep.
441 3260 466 3328 Ι,
493 3265 539 3327 13,
563 3265 605 3314 10,
694 3262 722 3326 3)
746 3258 796 3314 Or.
820 3259 888 3316 Met.
911 3258 976 3327 VII,
999 3264 1052 3313 409
1067 3275 1108 3328 sq.

93 3333 122 3401 3)
140 3331 223 3386 Prud.
243 3331 341 3402 Psych.
363 3336 413 3386 183
425 3349 464 3400 sq.
529 3333 557 3399 4)
577 3331 644 3386 Aen.
664 3329 698 3398 V,
717 3335 769 3384 313
780 3348 820 3399 sq.
875 3331 903 3397 t)
923 3329 988 3384 Hor.
1009 3328 1067 3384 Sat
1087 3330 1109 3394 Ι,

94 3407 137 3469 10,
157 3408 191 3457 78
210 3406 239 3458 et
257 3403 344 3458 schol.
363 3402 464 3459 Acron.
524 3404 551 3471 6)
570 3402 604 3458 cl.
623 3401 690 3458 Hor.
710 3400 767 3457 Sat
787 3400 808 3470 I,
828 3408 853 3469 3,
873 3405 932 3455 138.
993 3402 1020 3470 l)
1039 3399 1108 3455 Aen.

92 3470 221 3539 31131.
294 3475 321 3543 8)
340 3472 406 3528 Hor.
425 3471 477 3543 Ep.
496 3471 517 3541 Ι,
539 3477 579 3541 18,
599 3478 659 3528 103.
733 3470 991 3542 s)Hor.c.11,s‚
1011 3477 1037 3526 9.
