2468 3826
511 171 620 226 LIBER
639 173 659 227 l.
1050 173 1089 235 11

77 333 194 399 Officio
218 333 342 397 distans
367 333 407 398 ab
431 355 470 397 ea
493 333 617 398 distans
642 355 767 419 quoque
791 356 893 398 cursu.

78 421 251 487 Stellarum
275 444 445 486 numerum
469 421 533 487 sois
557 431 653 505 atque
676 422 835 487 vocabule
858 424 947 488 solus
955 420 980 509 ¹)
1107 442 1146 482 ιιι

77 510 180 595 Inque
202 511 269 575 tuis
292 511 394 575 oculis
417 515 454 575 ut
477 510 549 575 heri
572 516 646 576 sunt
670 512 778 576 secula
801 509 936 596 millel),

76 599 197 684 Nilque
220 599 279 664 deo
302 603 395 664 vetus
419 603 479 665 est.
523 599 721 684 Relegamne
745 600 786 664 ab
811 601 936 683 origine
960 622 1043 665 cana

76 689 258 772 Antiquum
282 692 397 772 satane
421 689 538 772 scelus,
562 710 604 752 en
626 689 782 772 replicare
804 689 973 752 recusem?

77 776 161 852 Quid
183 780 329 861 repetam
351 777 545 858 infaustum,
568 777 699 843 domino
723 777 800 842 dum
824 777 935 841 cedere
958 779 1060 842 nescit

75 865 207 930 Facturi
229 865 349 949 faetus,
373 867 449 930 dum
472 888 507 930 se
530 866 580 930 illi
601 865 751 950 turgidus
775 871 887 950 equat,
1106 885 1146 924 aco

74 954 123 1020 Ut
146 954 291 1019 subitum
314 953 425 1039 fulgur
447 955 603 1018 libratum
626 953 756 1018 cardine
779 951 871 1040 eeli³)

75 1042 275 1125 Luciferum,
299 1043 392 1126 culpe
416 1041 515 1106 simul
539 1043 762 1107 assensoribus
785 1043 882 1126 actis,

75 1130 121 1195 Et
144 1130 191 1195 sic
213 1130 377 1195 fuscatum
400 1131 514 1196 viciosi
536 1132 670 1195 crimine
692 1131 769 1196 nevi

74 1218 122 1284 Ut
144 1219 236 1284 focus
260 1219 392 1285 obducit
415 1220 570 1284 cacabum
593 1220 729 1304 fuligine
753 1219 929 1304 cupreum?

75 1307 160 1384 Quid
182 1312 328 1391 repetam
352 1307 476 1373 domini
498 1308 673 1373 formatum
697 1310 814 1392 pollice
836 1309 964 1392 plasma

74 1397 124 1461 De
149 1397 227 1462 limo
251 1400 285 1460 et
307 1397 422 1462 limum
446 1398 553 1462 subito
577 1397 750 1462 incaluisse
772 1401 914 1480 tumore,

74 1485 161 1549 Dum
184 1485 308 1550 domini
330 1486 511 1551 iniunctum
534 1507 663 1552 servare
687 1485 853 1550 exhorruit
875 1485 994 1568 Adam,

75 1573 213 1638 Pomum
237 1573 433 1639 manducans
457 1575 594 1639 vetitum
618 1574 812 1658 culpamque
836 1573 994 1655 superbus

75 1661 115 1725 In
139 1662 305 1726 dominum
328 1665 485 1746 torquens
509 1662 573 1726 sibi
597 1667 630 1727 et
653 1663 742 1727 omni
765 1662 952 1745 posteritati

73 1751 232 1904 ssternum
255 1749 432 1832 inpendens
456 1753 567 1834 eterna
590 1755 695 1815 morte
718 1751 877 1834 laborem,

106 1840 118 1904 i
141 1861 197 1903 rex
221 1839 378 1920 excelsus,
401 1839 519 1904 virides
543 1839 600 1923 qui
622 1839 770 1924 gramine
794 1844 899 1904 terras

74 1927 314 2011 Lucentemque
337 1924 505 2014 globum⁴)
528 1928 657 2012 lateque
681 1929 833 1993 sonantia
857 1924 1007 2014 stagnal)

73 2015 177 2095 Fecit,
200 2016 332 2082 mortali
354 2017 468 2101 diguat
468 2039 506 2081 us
530 2038 625 2081 carne
649 2017 768 2101 operiri

73 2104 114 2169 In
136 2126 229 2170 cruce
252 2127 311 2189 pro
334 2106 428 2170 nobis
452 2111 537 2170 mort
538 2102 589 2170 eni
612 2106 748 2171 libasset
771 2105 942 2170 acerbam?

73 2192 187 2257 Vitam
211 2193 320 2277 signat
343 2193 446 2259 adhue
469 2194 646 2259 mediamt
632 2199 742 2258 tamen
765 2199 836 2258 atra
860 2193 1001 2258 cicatrix.

73 2280 169 2345 Nunc
193 2280 262 2362 ΑΙ)
285 2280 407 2345 factum
430 2303 553 2364 pauper
575 2273 784 2365 locuplesque
808 2286 992 2365 sequentes,

73 2369 278 2453 Quamquam
302 2369 475 2434 dissimiles
499 2371 617 2434 buccas
641 2369 754 2435 inflare
761 2366 788 2456 6)
812 2370 918 2434 solent
941 2373 974 2433 et

73 2457 217 2523 Naribus
241 2458 382 2522 excussis
406 2455 634 2544 suspendere)
658 2463 773 2524 cuncta
795 2458 860 2523 nisi
884 2480 1008 2522 aurum.

73 2545 199 2631 Nempe
222 2549 332 2610 tumor
353 2546 484 2611 demens
508 2551 541 2611 et
563 2547 703 2612 habendi
725 2547 840 2611 insana
864 2544 1013 2634 cupido⁸)

73 2634 261 2703 Convenere
284 2635 346 2699 fide
370 2635 445 2700 dext
431 2639 563 2720 tresque
587 2635 700 2701 dedere
724 2635 877 2701 vicissim

72 2723 159 2789 Nam
184 2745 256 2788 cum
278 2728 452 2808 paupertas
476 2726 572 2790 rebus
595 2725 785 2809 plerumque
809 2724 958 2790 secundis

73 2810 182 2877 Pollet
204 2817 342 2897 postque
366 2834 482 2898 sagum
505 2813 642 2914 lugubre
664 2813 870 2898 preffulget
860 2836 895 2878 m
919 2814 1016 2897 albis,

74 2897 212 2965 Cernere
235 2900 324 2965 tedet
346 2900 480 2964 humum
504 2901 708 2986 priscamque
731 2902 882 2968 reducere
906 2906 1028 2968 sortem

145 3096 287 3146 aes-343
311 3091 354 3147 ed.
377 3092 514 3148 Herschel
532 3092 550 3148 l.
570 3093 589 3147 l.
608 3112 635 3164 p.
655 3099 739 3162 eosq.
827 3100 878 3174 362
903 3095 969 3148 ante
991 3109 1088 3163 sapum

72 3178 161 3232 parva
178 3179 277 3216 rasura

144 3325 171 3390 1)
191 3321 285 3378 Sedul.
304 3321 332 3376 O.
353 3323 382 3378 P.
402 3323 424 3392 1,
443 3329 529 3393 66sq.
597 3327 625 3394 2)
644 3323 716 3378 Psal
736 3329 779 3392 89,
798 3330 823 3378 4.
892 3325 921 3392 3)
940 3323 975 3378 cf.
995 3322 1089 3380 Sidon.

72 3393 127 3447 A.
147 3392 176 3448 O.
195 3393 282 3462 XXII,
303 3400 362 3449 166.
394 3343 535 3450 Aldhelm.
555 3394 589 3449 de
608 3395 683 3450 laud.
702 3395 772 3464 virg.
793 3399 871 3449 1886.
974 3398 1002 3464 4)
1021 3398 1089 3449 Aen.

74 3410 127 3533 vl,
141 3469 201 3519 ras.
310 3466 337 3534 s)
361 3463 443 3519 Prud.
467 3465 522 3534 Psy
524 3466 566 3520 ch.
586 3471 629 3521 es
743 3471 769 3533 e)
793 3465 859 3521 Hor.
884 3464 942 3520 sat
961 3464 982 3533 Ι,
1004 3471 1027 3536 ι,
1046 3471 1088 3520 ιι.

73 3534 310 3604 creamur
332 3541 391 3592 118.
464 3483 728 3606 c)llen.1x,reo.
