2468 3826
470 159 578 216 LIBER
596 161 643 217 ΙΙΙ.
661 160 709 218 IV.
1053 160 1094 226 79

84 324 260 389 Fraternus
285 322 441 390 discernit
464 345 564 389 amor.
610 323 681 400 Quo
703 324 830 407 plenius
853 323 935 388 illud

83 411 223 478 Nosces:
248 413 384 498 quisque
408 435 499 477 suem
523 413 631 497 signet
655 411 779 477 Christi
803 434 895 478 cruce
918 412 1060 477 frontem

82 501 226 565 Ymnum
249 501 383 586 quisque
407 507 504 566 canat
527 502 714 567 crocitantis
738 501 846 565 dulcia
869 500 962 586 galli,

83 588 228 674 Postque
251 611 361 674 preces
386 611 480 654 amen
504 590 680 674 subiungst
703 593 736 654 et
759 590 896 654 alleluia.

87 677 123 742 si
145 678 280 743 fratrem
303 678 390 744 rodit
413 678 498 764 quod
523 678 592 763 agit
614 679 716 743 nichil
739 681 802 763 est,
825 679 928 743 idiote
1110 697 1135 738 rs

84 765 246 831 Maximus
269 771 332 852 est;
358 772 470 833 contra
494 767 549 851 qui
572 767 704 831 fratrem
729 765 852 852 diligit,
874 767 967 831 illum

83 854 239 919 Insanum
263 856 371 920 cuncti
393 857 469 920 licet
491 856 720 941 appellentque
744 853 954 942 cucullum1),

83 943 310 1008 Grammaticis
335 949 367 1007 et
389 943 557 1008 rhetoricis
582 944 758 1027 sapientior
780 944 837 1008 illc
859 946 918 1008 est.

85 1031 204 1096 Omnes
228 1032 380 1096 insudent
402 1032 494 1097 libris
518 1033 791 1116 quantumlibet,
815 1054 927 1097 omnes

82 1121 255 1185 'Portarum
278 1120 451 1206 invigilent
474 1121 691 1206 enigmatibus
715 1122 892 1201 rationum,
1109 1141 1136 1180 so

82 1207 169 1273 Illud
193 1213 226 1272 et
248 1209 329 1273 illud
354 1213 463 1273 ament
485 1209 662 1275 addiscere:
686 1210 736 1275 vir
759 1206 897 1295 bonus2)
922 1212 1019 1293 atque

83 1296 144 1362 Vir
167 1301 314 1362 metuens
338 1297 504 1362 dominum
528 1299 691 1382 sapientes
715 1298 863 1382 prevenit
886 1320 1006 1364 omnes.

82 1384 234 1470 Namque
257 1387 357 1451 timor
379 1386 502 1452 domini
525 1387 598 1452 fons
623 1391 674 1452 est
697 1392 730 1452 et
754 1387 864 1453 ericho
888 1383 1043 1471 septisol)

81 1473 172 1558 Ergo
195 1475 359 1540 timoratis
383 1475 576 1540 famulemur
599 1476 788 1559 celipotenti

85 1561 259 1644 cordibus,
282 1567 315 1626 et
337 1564 490 1646 quonism
512 1564 619 1628 brevis
641 1563 737 1627 istius
760 1566 811 1626 est
833 1585 923 1628 mora
945 1562 1024 1646 vite,
1110 1583 1135 1623 ss

84 1648 211 1713 Gaudia
234 1651 388 1714 miremur
411 1652 607 1715 moderatius
631 1653 695 1715 ista
719 1651 852 1734 caduca,

84 1737 245 1821 Optantes
267 1739 363 1803 nobis
386 1739 491 1822 patrie
513 1740 643 1803 infinita
666 1761 803 1823 superne

84 1825 223 1910 Gaudia,
247 1849 308 1912 que
332 1829 441 1892 nullus
465 1832 576 1912 gustu,
600 1829 719 1912 grafio,
739 1829 882 1912 ratione,

83 1913 213 1990 Quanta
236 1918 269 1980 et
291 1916 401 2001 qualia
424 1920 499 1981 sunt
522 1938 680 2002 exponere
704 1917 833 1984 suflicit
878 1915 961 1981 Hinc
985 1921 1034 1981 est

84 2003 177 2080 Quod
201 2006 373 2089 quisquam
397 2006 526 2090 sapiens
549 2003 702 2092 inquit4):
725 2005 801 2071 Non
823 2005 926 2069 audiit
950 2005 1038 2070 auris
1109 2026 1136 2066 eo

84 2091 153 2157 Nec
177 2095 396 2178 contemplata
419 2099 469 2158 est
492 2095 592 2178 acies,
614 2117 674 2159 nec
697 2095 801 2159 cordis
824 2095 948 2158 inimo

84 2179 277 2245 Percensere
300 2184 389 2245 valet
412 2184 597 2266 quisquam,
619 2204 680 2265 que
703 2183 850 2247 conditor
871 2182 942 2265 ipse

86 2266 163 2332 Sese
187 2269 331 2333 credenti
354 2290 486 2352 seseque
510 2271 639 2353 paravit
662 2270 793 2334 amanti.

83 2357 129 2421 Et
152 2356 225 2441 quis
250 2359 338 2419 amet
361 2356 549 2421 dominum?
573 2358 629 2442 qui
652 2358 759 2441 iungit
782 2379 864 2441 opus
886 2356 975 2439 fidei,
997 2379 1073 2421 nam

83 2442 186 2509 Cassa
208 2446 293 2509 iacet
316 2444 420 2510 virtus
444 2445 575 2531 equitis,
599 2448 626 2510 si
649 2468 716 2511 non
738 2446 839 2511 habet
861 2467 964 2530 arma,
1110 2468 1136 2507 rs

82 2532 139 2599 Nil
163 2534 252 2598 valet
275 2534 455 2619 ingenium,
479 2535 625 2600 studioso
650 2536 677 2600 si
701 2539 790 2600 caret
812 2557 884 2617 usu,

85 2621 154 2687 Nec
176 2622 241 2688 nisi
263 2624 375 2688 iuncta
398 2625 507 2689 valent
531 2646 630 2708 opera
653 2627 750 2708 atque
773 2624 866 2688 fides:
891 2622 961 2688 sine
984 2623 1066 2688 flatu

83 2709 159 2776 Non
184 2717 233 2776 est
256 2711 329 2777 viva
352 2735 442 2797 earo;
465 2735 526 2778 nec
548 2713 623 2778 viva
646 2712 725 2777 fides
749 2712 818 2776 sine
842 2711 946 2777 factis.

83 2797 169 2874 Quid
192 2801 326 2883 prodest
349 2802 427 2866 solis
452 2802 618 2866 dominum
642 2801 749 2867 verbis
772 2801 940 2885 profiteri?

84 2884 167 2961 Quid
191 2887 283 2952 iuvat
305 2888 431 2953 inferno
456 2889 690 2954 contradixisse
712 2891 842 2955 tiranno
1004 2922 1008 2927 Α
1109 2911 1136 2949 4ο

84 2973 192 3058 Ipsius
217 2979 249 3039 et
272 2975 447 3063 pompis5),
471 2978 498 3042 si
521 2978 571 3042 vis
595 2977 636 3043 ad
659 2979 780 3044 omissa
803 2979 944 3044 reverti?

160 3192 192 3240 se
209 3199 246 3237 an
263 3185 336 3241 siat?

157 3384 181 3449 1)
204 3379 271 3435 Hor.
296 3379 353 3434 Sat.
372 3381 394 3450 1,
414 3386 439 3450 7,
458 3386 491 3435 31
511 3382 648 3437 etechcl.
756 3384 784 3452 2)
806 3380 874 3435 Hor.
898 3380 949 3450 Ep.
967 3379 989 3448 Ι,
1009 3386 1033 3450 7,
1053 3386 1095 3436 22.

84 3451 207 3519 e)Psa1.
234 3456 298 3518 110,
324 3456 364 3505 ιο.
473 3454 501 3520 4)
526 3457 541 3505 1
566 3451 625 3508 eor.
646 3457 673 3521 a,
691 3458 715 3507 e.
824 3453 852 3522 s)
876 3449 1100 3507 enutrientes

82 3539 109 3575 u.
130 3519 259 3590 saberet,
282 3520 400 3576 Denkm.
423 3522 549 3578 deutsch.
569 3522 668 3577 Pcesie
685 3522 744 3577 und
761 3522 850 3579 Prosa
865 3540 898 3591 p.
915 3526 973 3574 uss
986 3521 1115 3572 suus.
