2468 3826
493 176 603 231 LIBER
621 177 654 232 ΙΙ.

67 340 271 424 Disponente
295 340 364 404 deo.
409 340 494 404 Dein
517 339 657 422 contigit
681 342 717 403 ut
740 340 869 404 vacuati

67 429 259 512 Desertique
283 429 360 493 laris
384 429 572 513 pudibunda
595 428 629 491 in
652 432 744 510 parte
768 430 912 492 minutus

66 517 240 582 Possessor
263 517 355 582 fieret
376 516 507 600 Iudeus3
532 520 730 581 nontamen
753 517 808 581 ille

66 605 229 671 Continuo
253 606 392 670 formam
415 607 529 691 procul
551 605 586 668 in
609 604 748 689 caligine
772 606 870 670 fixam
1096 624 1135 663 620

66 693 172 760 Norat
197 697 229 760 et
252 697 413 761 occultam
436 695 569 759 minime
593 693 833 780 speculamen1)
858 693 899 758 ad
921 694 1013 759 illam

65 783 233 868 Torserat3
257 789 289 849 et
313 783 432 849 dudum
454 784 564 849 forsan
589 805 654 848 non
679 783 749 847 visa
771 785 901 864 lateret,

65 869 109 935 Ni
133 895 191 955 par
214 873 358 937 eiusdem
383 873 482 936 semel
505 873 662 936 invitatus
687 872 727 935 ab
752 871 824 955 ipso

65 959 182 1025 Omnia
205 963 407 1045 perlustrans
430 961 616 1024 latitantem
640 964 785 1024 cerneret
807 961 899 1024 illam

63 1048 195 1131 „luced
219 1071 407 1132 erumpens,
429 1071 530 1132 „unus
555 1048 593 1112 de
617 1046 820 1113 Christicolis
845 1070 878 1112 es
1094 1066 1133 1106 625

63 1137 107 1201 Et
130 1160 190 1202 nos
213 1137 320 1202 fallis“
342 1139 397 1203 ait.
443 1137 513 1212 Quo
537 1158 657 1222 magna
680 1141 819 1222 negante
844 1137 971 1202 sodales

64 1226 116 1289 Ad
140 1248 301 1291 cameram
324 1227 378 1290 ille
403 1248 478 1291 suos
502 1249 566 1311 qua
589 1226 698 1290 stabat
720 1227 825 1290 forma
848 1227 970 1311 coegit,

63 1314 191 1379 Primus
214 1315 249 1379 in
273 1320 436 1398 arreptam
460 1315 619 1380 festinans
642 1315 749 1399 inpete
774 1317 876 1379 vasto.

62 1401 147 1468 Hinc
171 1404 291 1468 hilares
316 1404 373 1468 alii
396 1426 551 1469 renovare
573 1403 665 1468 nefas
690 1402 856 1486 cupientes

62 1490 209 1575 Petrum,
234 1492 393 1557 semiferis
416 1493 542 1576 peiores
565 1488 780 1576 Thracibus²)
804 1496 901 1575 atque
1093 1509 1133 1548 630

62 1579 214 1644 Deterior
236 1581 344 1645 crudis
368 1582 534 1664 generatio
558 1603 660 1665 prava
683 1577 865 1666 Gelonisss),

64 1666 132 1743 Que
155 1690 211 1751 pre
234 1669 430 1733 inmunditia
453 1669 579 1733 facinus
603 1669 783 1734 describere
806 1668 896 1752 duxi,

62 1756 228 1821 Adversus
253 1758 379 1842 lignum
400 1757 542 1821 convitia
566 1759 668 1822 multa
691 1753 888 1843 latrabant4)

63 1844 132 1927 Hec
155 1846 285 1910 taudem
311 1846 403 1910 dictis
427 1846 635 1910 mendacibus
659 1846 850 1911 adicientes:

60 1932 115 2017 „si
138 1934 219 1999 libet
242 1938 275 1998 et
294 1935 385 2000 dulce
409 1932 499 2021 esc),
522 1934 628 2000 forma
651 1938 836 2018 repetamus
859 1935 893 1999 in
916 1936 994 2021 ista,
1091 1951 1130 1991 635

63 2022 154 2097 Quod
182 2025 304 2089 nostris
333 2024 496 2108 quondam
520 2046 540 2088 a
561 2025 691 2089 tritavia
715 2023 838 2088 factum
862 2029 912 2088 est
936 2023 1075 2090 Calileol

61 2109 116 2174 Illi
138 2111 285 2177 fecerunt
308 2113 375 2177 eius
400 2134 568 2177 canescere
591 2114 717 2177 vultum

62 2197 187 2282 Sputis,
211 2204 244 2264 et
267 2200 386 2266 collum
410 2202 554 2285 colaphis
577 2201 738 2283 pulsando
762 2201 876 2264 rubere

62 2287 238 2351 Transfixis
262 2289 388 2352 demum
413 2288 562 2352 manibus
585 2288 784 2371 pedibusque
808 2291 977 2352 nocentem

61 2375 204 2440 Affixere
228 2377 327 2460 cruci,
352 2377 436 2459 quod
460 2380 530 2440 erat
552 2373 796 2461 blasphemus⁶)
819 2384 852 2440 ct
875 2397 963 2441 error
1090 2393 1131 2433 640

61 2462 166 2550 Seque
190 2465 285 2529 deum
307 2470 484 2548 natumque
509 2465 568 2530 deo
592 2465 677 2530 falso
701 2464 911 2529 memorabat.

60 2553 237 2619 Perrexere
261 2555 364 2620 eciam
389 2553 516 2619 sicieuti
539 2553 582 2618 fel
606 2559 639 2618 et
662 2559 799 2619 acetum.

60 2642 147 2717 Quin
171 2648 203 2707 et
227 2648 322 2709 acuta
344 2644 431 2709 latus
454 2643 610 2727 patefecit
633 2643 745 2708 lancea
769 2662 871 2726 eoque

60 2728 183 2795 Elicuit
206 2733 342 2798 vitream
368 2732 543 2797 commixto
567 2732 725 2817 sanguine
748 2731 915 2814 limpham.

61 2815 265 2885 Christicolis
288 2822 410 2905 pascha
433 2825 483 2884 est
507 2820 562 2884 sed
586 2820 680 2884 nobis
702 2819 841 2885 ludibrio
865 2818 938 2886 sit.“
1089 2836 1128 2875 ⁶45

62 2903 155 2969 Talia
178 2908 336 2972 iactantes
359 2909 547 2992 lignumque
570 2909 656 2972 cruci
679 2910 838 2974 sociantes

60 2991 168 3058 Derisi
194 3016 321 3061 secuere
345 2996 444 3077 latus,
467 2996 522 3060 sed
546 2997 695 3080 protinus
719 2998 792 3064 inde

133 3211 183 3260 632
204 3223 226 3260 c.
246 3207 353 3273 salicum
425 3213 476 3261 636
496 3185 566 3262 alita
584 3208 625 3262 uis

132 3405 158 3467 1)
187 3398 270 3452 Prud.
294 3400 396 3468 Apoth.
419 3405 461 3454 20.
535 3401 562 3468 2)
585 3399 669 3454 Prud.
688 3398 792 3468 Apoth.
811 3403 873 3454 216.
897 3399 964 3455 Hor.
983 3399 1072 3470 Epod.

60 3475 85 3538 ὅ,
106 3475 147 3524 14.
256 3472 283 3539 3)
307 3472 406 3540 Georg.
427 3470 474 3539 Ill,
495 3475 545 3525 461
558 3488 598 3539 sq.
710 3474 738 3538 4)
762 3471 827 3526 Hor.
848 3471 906 3526 Sat.
925 3470 946 3541 Ι,
966 3477 991 3538 3,
1012 3477 1073 3527 136.

60 3544 88 3609 6)
107 3540 173 3595 Hor.
193 3540 221 3596 C.
240 3542 288 3611 IV,
309 3547 350 3610 12,
370 3548 412 3598 28.
479 3543 513 3611 6)
532 3542 566 3596 cf.
587 3541 669 3595 Prud.
688 3540 789 3597 Perist.
805 3540 833 3609 l,
846 3547 896 3597 rt.
