2468 3826
142 124 184 188 76
510 125 618 179 SEXTI
636 123 788 180 AMAROII
829 131 831 135 ’

141 284 280 371 Spiritus
305 288 402 371 elme,
426 287 522 352 modo
547 288 693 372 singultu
717 287 818 352 defleo
842 287 957 352 cordis.

139 375 185 439 Et
207 375 336 456 merito,
361 376 438 460 quia
461 375 657 440 vendentum
680 377 793 441 turbas
817 380 850 440 et
873 379 1036 442 ementum

140 464 300 548 Exemplo
323 465 445 549 legitur
469 464 546 529 deus
571 465 754 549 exagitasse
777 463 951 549 flagello.¹)

87 572 126 612 ses
140 551 235 617 Nune
259 574 387 638 quoque
410 556 445 616 in
468 553 635 618 ordinibus
659 558 829 637 poscentes
853 576 987 619 munera
1010 557 1117 623 sacris

140 640 271 726 Indigni
295 638 426 706 Christo
449 641 564 706 vivunt
587 648 620 706 et
643 665 776 707 munera
800 643 921 708 dantes.
994 693 999 698 .

141 728 206 794 Cur
228 752 320 795 rarus
343 752 429 795 nune
453 735 502 795 est
526 731 677 814 sapiens?
701 732 777 815 quia
800 732 921 796 blanda
942 731 1096 797 videntur

141 817 219 883 Ooie
241 841 364 903 proque
387 820 479 884 libris
503 823 645 884 sectatur
666 820 778 884 fenora
801 820 949 905 quisque,

139 909 273 973 Tractat
295 929 363 973 non
386 929 508 973 seeum:
530 913 566 973 tu
590 912 720 973 tantum
743 908 860 992 collige
884 908 970 994 quod
993 909 1058 974 des.

87 1016 126 1056 eoo
140 996 274 1061 Munera
298 997 418 1062 stultus
443 1000 546 1080 amat,
570 998 751 1081 sapientem
774 1019 910 1062 munera
934 998 1087 1063 mulcent.

140 1085 242 1170 Iunge
266 1084 349 1149 sales
373 1107 432 1170 pro
457 1108 503 1166 se,
528 1087 637 1150 venias
662 1085 731 1150 sine
754 1108 900 1170 munere,
923 1088 969 1150 nil
993 1091 1052 1151 est.

139 1171 283 1248 Quodsi
306 1195 365 1256 pro
389 1174 511 1238 nichilo
534 1178 701 1257 reputaret
724 1176 893 1259 episcopus
918 1175 1023 1240 omnis

100 1318 102 1327 .
138 1260 274 1326 Munera
296 1261 462 1325 inutilium
487 1266 519 1326 et
542 1262 649 1346 dignis
673 1263 824 1346 preberet
847 1264 998 1348 honores,

139 1348 215 1414 Non
239 1349 318 1415 adeo
342 1351 463 1414 multas
487 1354 600 1433 satane
624 1353 797 1434 temptatio
821 1356 945 1417 mentes

85 1456 124 1496 905
140 1435 296 1523 Carperet
319 1443 352 1504 et
375 1440 531 1504 mundum
555 1462 621 1504 non
644 1442 756 1505 tantus
780 1442 925 1506 volveret
949 1443 1051 1506 error!

139 1525 201 1593 Sed
219 1550 304 1592 nuno
324 1528 409 1612 quod
427 1550 493 1593 non
511 1529 568 1593 dat
582 1529 737 1612 probitas,
756 1551 907 1594 nummus
922 1530 1047 1615 tribuit,
1066 1552 1157 1598 nuno

138 1615 233 1682 Dona
256 1618 363 1681 ferens
387 1618 508 1701 probus
532 1622 594 1703 est,
618 1619 732 1703 intrat,
756 1619 811 1702 qui
834 1618 881 1682 nil
905 1618 1004 1682 habet
1028 1621 1103 1685 exit.

138 1703 297 1770 Attamen
321 1727 391 1770 esse
415 1706 518 1771 bonos
543 1706 718 1791 aliquando
742 1707 887 1771 videmus
910 1707 1052 1790 ineptos:

136 1791 194 1858 Nil
219 1794 321 1878 dedit,
343 1796 387 1858 ite
410 1795 505 1859 mihi!
531 1796 610 1859 bene
634 1817 684 1859 me
708 1796 848 1879 potavit,
872 1817 992 1860 eamus.

85 1882 165 1945 9100
188 1883 327 1966 nummi,
350 1884 487 1959 nummi,
511 1904 567 1966 per
591 1905 648 1948 vos
673 1885 790 1948 emitur
813 1884 917 1949 scelus
941 1906 1048 1968 omne,

136 1969 256 2034 Vestra
279 1970 453 2054 presbiteri
476 1970 600 2035 faciunt
623 1994 683 2054 ope
705 1971 820 2057 fasque
844 1973 1011 2057 nefasque!

136 2057 206 2123 Neo
229 2081 366 2143 pensare
390 2060 504 2124 volunt
528 2066 685 2144 quantum
709 2061 787 2125 deus
812 2062 928 2126 extulit
951 2063 1040 2146 illos,

137 2144 272 2222 Quando
297 2148 338 2213 ad
357 2148 546 2231 discipulos:
579 2153 734 2235 sanctum,
758 2151 874 2235 inquit,
898 2152 1015 2217 sumite
1038 2151 1154 2218 flatum

105 2263 107 2267 ⁴
136 2235 183 2301 Ut
206 2260 344 2322 quorum
368 2238 466 2302 vultis
490 2238 601 2302 sordes
627 2239 755 2304 abolere
779 2242 925 2322 patratas

83 2342 122 2382 915
136 2325 288 2408 Possitis,
313 2349 449 2411 quorum
474 2327 571 2391 vultis
596 2328 734 2392 retinere
759 2325 931 2412 queatis²);

136 2413 317 2499 Discipulis
341 2416 490 2500 equidem
513 2415 593 2479 dixit
617 2416 695 2480 deus
717 2416 793 2501 hoo,
816 2417 850 2480 in
874 2437 984 2480 eorum

135 2500 313 2567 Presbiteri
337 2504 405 2569 vioe
429 2509 512 2569 sunt.
557 2503 647 2588 Ergo
671 2526 728 2568 our
749 2526 815 2569 non
838 2505 1009 2569 imitantur

136 2590 243 2655 Mores
267 2597 300 2656 et
322 2592 437 2674 vitam,
462 2613 599 2676 quorum
624 2592 686 2656 sibi
709 2594 780 2657 iura
803 2597 953 2676 potenter

135 2680 352 2744 Asseribunt?
398 2680 452 2744 Illi
476 2684 667 2764 spreverunt
691 2683 841 2767 coniugia
864 2685 960 2767 atque

82 2785 122 2824 920
137 2764 253 2832 Carnis
278 2768 422 2851 delicias3
445 2770 507 2834 hoo
530 2769 702 2853 presbiteri
726 2771 822 2835 modo
846 2771 950 2836 nostri

134 2855 212 2922 Non
234 2856 371 2938 faciunt3
394 2856 511 2922 idcireo
536 2859 664 2942 quidem
687 2859 778 2924 velut
800 2860 885 2924 unda
904 2858 1025 2923 lavacri

135 2943 174 3009 In
198 2967 313 3029 oenum
336 2944 448 3008 iniusti
472 2946 669 3011 descendunt
690 2949 788 3031 inque
811 2948 1020 3031 profundum,

134 3033 180 3099 Et
201 3036 312 3099 tamen
336 3033 512 3099 emundant
536 3036 659 3100 animas
684 3039 717 3100 et
740 3037 781 3101 ad
804 3037 915 3101 ethera
939 3037 1081 3102 mittunt.

135 3121 197 3189 Sed
221 3145 443 3207 precessorum
467 3124 494 3188 si
519 3123 640 3189 vellent
663 3145 733 3189 esse
757 3147 925 3210 sequaces,

206 3336 257 3386 901
277 3347 314 3385 an
327 3348 379 3400 per
397 3339 441 3388 ee?
521 3337 571 3390 902
592 3293 634 3403 Qd
653 3349 786 3402 supersor.
806 3333 836 3387 M

207 3493 233 3561 1)
252 3492 351 3548 narn.
373 3494 414 3560 11,
435 3496 476 3547 15.
567 3495 594 3562 2)
614 3491 671 3548 1011.
691 3498 734 3563 ao,
753 3497 796 3549 aa.
815 3498 857 3547 aa.
