2468 3826
152 141 171 207 8
522 137 626 194 SEXTI
644 137 798 192 sunnon

99 305 322 372 rsoFeoerunt.
366 301 413 368 Et
436 301 482 368 sio
503 301 654 367 homines
676 304 820 367 mutasse
844 301 978 371 Medusa

150 392 302 479 Fingitnr
324 391 360 457 in
382 391 521 474 lapides,
545 412 625 474 quos
648 394 736 456 stare
759 392 793 455 in
816 391 910 457 sorde
933 395 1050 480 coegit.

152 480 246 548 Sorte
269 479 463 567 pudiciciam
485 480 593 544 vicisti
615 483 761 564 tempore
784 485 899 546 nostro

150 571 278 656 Insigni
300 569 426 654 pridem
449 568 631 633 redimitam
653 568 796 653 timpora
818 568 957 656 lauro1),

150 659 239 726 Feda
262 660 341 725 lues.
386 656 546 740 Populum
569 657 770 723 babtismate
790 658 1000 739 nobilitatum

97 766 137 808 ros
154 748 273 814 Annon
296 745 463 832 degeneris
485 745 626 811 victores
649 767 712 830 quo
735 740 941 847 patrchreffl

152 837 344 902 Percensere
367 833 480 900 decet?
525 833 596 898 Iam
620 834 743 918 desine,
765 834 846 899 tolle
870 838 1014 922 catenas,

151 925 259 1010 Tolle,
282 929 369 1008 tuas,
385 923 552 1008 priscique
575 924 684 989 furens
707 923 913 990 reminiscere
935 927 1006 991 fati.

152 1014 358 1080 Bellantesns
380 1017 477 1096 putas
500 1012 625 1078 incerta
649 1015 737 1077 sorte
760 1013 891 1078 carere?
1027 1073 1032 1076 .
1066 1095 1072 1101 .

151 1103 246 1169 Nunc
268 1102 303 1166 hi
327 1102 553 1185 succumbunt,
576 1123 661 1167 nunc
684 1123 767 1186 pqua
790 1105 878 1166 sorte
901 1107 1087 1189 resurgunt,

98 1211 139 1252 eoo
152 1191 229 1258 Non
253 1211 380 1273 semper
401 1210 487 1275 vaga
510 1190 639 1254 sorsin
662 1190 774 1254 eodem
797 1191 932 1257 tramite
955 1193 1062 1257 currit.

151 1279 212 1345 Dic
236 1298 310 1364 age,
334 1278 399 1362 dio,
424 1299 485 1362 que
507 1279 602 1342 tanta
624 1281 679 1360 tue
703 1277 821 1343 fiducie
843 1279 974 1364 palme?

152 1367 235 1435 Oum
259 1366 451 1452 quandoque
475 1370 566 1431 satus
590 1364 629 1430 de
651 1367 777 1451 virgine
800 1368 952 1452 respiciet
974 1391 1033 1436 nos

151 1459 201 1524 Ac
223 1457 330 1522 nostri
353 1456 494 1521 clemens
518 1454 738 1539 miserebitur,
760 1454 925 1521 interimet
947 1461 989 1523 te.

152 1546 179 1611 Ο
203 1549 309 1611 mater
332 1543 426 1628 felix,
449 1544 589 1609 heresim
613 1565 690 1609 nam
713 1545 851 1627 perculit
874 1567 1017 1632 omnem,

100 1653 140 1695 cos
155 1635 224 1718 Qus
247 1635 341 1721 virgo
365 1633 505 1718 peperit,
527 1635 603 1717 post
625 1635 756 1717 partum
779 1635 874 1718 virgo
897 1635 1061 1702 remansit.

152 1722 256 1808 Virgo
281 1723 377 1787 deum
400 1720 537 1806 peperit,
560 1743 627 1786 non
650 1725 791 1806 patrem,
814 1723 871 1787 sed
893 1727 986 1807 patre
1009 1728 1130 1789 natum.

153 1811 199 1878 Ut
222 1810 383 1895 quondam
407 1809 511 1875 Uinici
533 1811 679 1896 voluere,
703 1811 789 1895 quod
812 1812 882 1895 ipse
904 1811 1058 1897 Philippo

151 1898 368 1986 „Indubitas,“
380 1925 385 1940 ²
398 1898 505 1984 inquit
535 1899 640 1983 „quod
673 1919 733 1983 ego
765 1899 800 1963 in
830 1901 922 1983 patre
953 1902 1106 2074 stuprator
1133 1901 1168 1963 in

850 2008 902 2051 me
925 1991 984 2053 est.

154 2075 216 2142 Sed
239 2080 347 2142 tamen
372 2079 406 2141 et
428 2075 491 2140 soli
514 2076 604 2159 varis
629 2079 704 2140 sunt
727 2075 953 2160 proprietates.

99 2186 140 2227 aro
152 2166 241 2252 Ergo
266 2165 474 2232 abscidantur
497 2164 536 2229 de
559 2186 696 2248 quorum
719 2163 860 2250 pullulat
883 2185 972 2230 error

153 2256 297 2340 Robore,
319 2253 469 2338 Fotinus,
493 2252 665 2319 Nestorius
689 2253 915 2338 Elbidiusque,

153 2344 325 2430 Appellas,
347 2343 487 2427 Noetus,
512 2339 673 2408 Sabellius
698 2346 793 2425 atque
817 2340 976 2408 Bonosus.

153 2433 393 2518 Argumentum
417 2431 516 2496 etiam
539 2430 697 2495 frustrata
719 2453 877 2514 puerpera
901 2431 993 2516 virgo
1018 2428 1112 2517 est:⁸)

153 2521 521 2693 '’viiidieiipsstiii'
536 2517 838 2691 titillabit?
861 2519 975 2673 {dli

154 2696 238 2773 Quid
260 2697 471 2762 barbatorum
493 2696 688 2782 vigilantum
712 2695 807 2761 corde
831 2697 942 2780 sagaci

153 2786 376 2871 Investigatus
399 2806 526 2850 summa
549 2787 692 2850 certante
715 2784 832 2871 sophia

155 2873 361 2961 Sylogismus
385 2873 484 2959 agat?
509 2872 625 2957 quidve
650 2877 719 2939 arte
743 2873 880 2959 probata
901 2873 1051 2938 refellens

155 2963 322 3031 Gontortis
347 2966 464 3047 arguta
486 2961 591 3027 modis
615 2960 785 3028 dialectica
807 2962 912 3047 possit

156 3283 166 3337 l
181 3282 203 3337 ι.
228 3215 279 3266 195
290 3209 440 3281 deponeris]
449 3206 527 3278 prius
537 3208 678 3279 &pusaeo
722 3212 774 3262 208
786 3224 808 3264 o.
819 3207 964 3263 interimet
1012 3212 1064 3261 219
1076 3222 1098 3260 c.
1109 3205 1169 3259 dio-

166 3299 179 3337 e
191 3298 236 3338 coa

154 3393 367 3400 -—-—--..--

228 3443 254 3510 1)
272 3440 341 3495 Aen.
361 3439 408 3506 ΠΙ,
428 3443 470 3494 81.
539 3437 644 3510 a)10h.
666 3443 707 3508 10,
727 3442 769 3493 88.
799 3436 892 3494 SeduL
913 3435 941 3490 0.
960 3433 1058 3490 Pasoh.
1073 3435 1094 3506 I,
1108 3440 1169 3490 321.

154 3513 181 3580 3)
200 3511 283 3567 Prud.
303 3509 449 3580 Cornix,
469 3515 510 3565 19.
