2468 3826
516 177 626 232 LIBER
644 179 678 233 ΙΙ.
1063 177 1106 240 39

89 345 134 410 Mt
157 344 263 428 rigida
287 366 325 408 ex
349 365 427 407 auro
452 346 523 425 pret
509 345 598 405 texta
621 342 797 427 infringere
821 364 951 425 corpus,

88 435 227 519 Inspicit
250 433 336 496 hunc
359 432 462 495 livens
486 431 674 516 privignum
698 431 766 495 ut
757 432 867 514 miqua
890 451 1040 512 noverca,
1119 465 1159 506 505

90 522 136 587 Ut
159 544 281 586 murem
308 524 427 600 cattus,
451 520 591 583 mustela
612 524 738 584 trucem
761 520 959 584 basiliscum.
968 517 992 605 )

90 611 213 675 Verum
236 610 387 694 precipue
410 610 472 673 hoc
495 609 598 672 livent
584 612 650 672 tem
667 630 834 710 quemque
856 608 990 692 fatigat,

89 698 181 774 Quod
207 721 399 782 quemquam
424 698 526 762 cernit
550 719 620 761 sese
644 698 692 760 vir
693 702 761 761 tute
786 696 927 780 priorem

89 788 289 871 Facundum,
312 788 432 867 lenem,
455 786 598 868 lepidum
623 787 718 850 simul
744 789 840 870 atque
864 785 1015 850 facetum.

88 877 134 941 Et
157 899 229 941 curn
253 877 343 959 vulgi
366 876 447 939 levis
470 876 777 959 parvipendentibus
801 875 871 958 ipse

88 963 138 1028 Sit
161 966 306 1049 populiS,
329 964 485 1048 plaudens
510 984 606 1046 quam
630 965 686 1027 dat
710 960 924 1048 plebecula2),
948 961 1037 1025 laudi

88 1054 215 1117 Invidet
239 1053 383 1117 alterius.
429 1051 518 1134 Feno
543 1053 630 1116 canis
653 1053 787 1116 incubat
811 1073 883 1116 acer

87 1142 167 1205 Inde
191 1143 290 1206 boum
314 1142 416 1206 rictus
441 1141 580 1204 admotis
605 1141 770 1205 morsibus
793 1145 881 1205 arcet

86 1230 212 1309 Bubus,
240 1252 306 1294 non
335 1229 465 1313 capiens
495 1229 580 1313 quod
603 1251 728 1293 sumere
751 1251 817 1307 non
840 1229 926 1312 potis
950 1228 1020 1313 ipse
1045 1231 1102 1292 est.
1142 1208 1216 1352 wi,

85 1319 220 1383 Invidus
244 1318 375 1382 infamis
399 1319 573 1402 populique
596 1315 804 1402 peripsima³)
829 1317 983 1394 comsit,
1117 1357 1157 1397 515

85 1407 189 1482 Quem
211 1429 278 1473 non
301 1408 372 1491 ipse
395 1411 509 1489 meret,
533 1408 696 1471 cruciatur
718 1407 840 1471 honore
865 1406 981 1471 alieno.

85 1495 170 1570 Quid
194 1497 232 1560 de
256 1495 451 1580 pauperibus
476 1496 614 1559 sublatis
638 1499 779 1559 stercore
803 1494 929 1558 dicam?

85 1583 155 1648 Hos
180 1585 361 1649 detestatur
385 1584 514 1647 sandica
537 1604 693 1666 croeoque
718 1581 882 1667 decorus⁴)

85 1672 238 1755 EmuluS,
261 1680 298 1736 ut
320 1671 420 1735 frater
442 1672 576 1735 fratrem
602 1693 661 1754 pro
687 1693 720 1735 se
744 1671 963 1753 benedictum,

85 1759 193 1845 thue
217 1761 278 1824 viri
301 1760 432 1823 Ioadem
455 1781 555 1844 prope
579 1760 684 1843 ripam
709 1759 826 1824 Adarin
850 1759 1028 1843 reprobati,
1115 1801 1156 1840 520

84 1850 293 1932 Arcessitque
316 1871 411 1934 pares
435 1857 468 1912 ct
491 1870 575 1913 nunc
598 1849 669 1912 hiat
692 1849 754 1914 istc
777 1850 924 1914 remisse:

84 1937 210 2021 „Dicite
234 1960 319 2003 nunc
344 1939 433 2016 socii,
459 1960 516 2002 cur
538 1959 589 2000 me
612 1960 679 2003 non
702 1939 843 2021 vellicet,
868 1939 945 2004 ohe!

84 2025 178 2101 Quod
201 2028 294 2092 video
318 2027 412 2091 illum
437 2027 527 2091 illurn
552 2031 645 2110 tergo
669 2029 809 2110 pernicis
832 2030 925 2112 lgene

83 2115 128 2179 Et
150 2117 223 2180 lena
247 2117 342 2180 viridi
364 2116 502 2179 iocunda
525 2115 682 2180 obducere
706 2117 865 2199 membra,

85 2202 187 2278 Quem
212 2225 307 2287 capre
329 2204 434 2286 turpis
458 2203 647 2267 membrana
669 2206 760 2287 prius
785 2206 968 2270 decoravit?
1114 2252 1154 2292 5„

83 2290 178 2355 Nunc
203 2314 284 2374 quos
308 2292 427 2355 eiectos
449 2291 512 2355 huc
536 2291 606 2356 dira
630 2290 809 2356 sicambria
833 2294 948 2378 mittit,

88 2379 152 2443 Aut
177 2381 232 2464 qui
255 2380 397 2444 deseruit
419 2380 596 2462 longinque
620 2381 729 2445 menia
752 2380 859 2465 Thile,

84 2467 147 2533 Seu
170 2469 249 2533 fullo
273 2473 323 2532 est
347 2471 403 2532 aut
426 2466 588 2554 phyltra⁶)
613 2473 708 2552 parat
731 2492 787 2535 seu
811 2469 960 2536 saxifrica
984 2473 1016 2537 vi

80 2556 185 2622 Elicit
208 2559 333 2622 urinam
357 2558 559 2623 mordentem
583 2559 729 2623 membra
752 2559 900 2642 pudenda
923 2563 956 2624 ot

82 2645 248 2712 Marrubio
272 2646 389 2712 tussim
413 2646 616 2731 scabiemque
642 2648 800 2713 cclidonia
824 2648 976 2736 aufert⁶):
1111 2697 1152 2737 530
1226 2659 1229 2661 ’

82 2733 155 2799 Huc
177 2737 299 2819 veniat,
323 2757 398 2800 mox
415 2741 457 2803 vut
479 2733 635 2822 fungusl)
660 2737 766 2820 surgit
790 2738 840 2802 vel
863 2737 1020 2822 hibiscus,

155 2948 205 2996 512
226 2944 392 3000 elucidet
445 2922 845 3015 615‘0.Ioeiduciufumis
899 2955 951 3005 518
972 2954 1096 3038 decorus]

81 3014 167 3067 antea
185 3015 292 3068 decoros
350 3019 402 3069 619
421 3016 537 3071 edictum
556 3015 611 3070 adi.
630 3017 659 3070 M
721 3024 772 3072 521
792 3037 827 3075 oc
844 3022 972 3078 1111111111
989 3026 1097 3080 remisse

81 3083 195 3154 scripsit
218 3084 277 3136 M
269 3104 299 3138 m
321 3101 375 3140 ras.
484 3092 535 3141 523
558 3088 638 3142 illum
661 3095 735 3161 terpo
753 3093 877 3160 pernicis
899 3095 977 3165 ipone
997 3111 1046 3151 scr.
1067 3098 1096 3151 M

81 3161 135 3210 630
154 3172 177 3209 c.
198 3156 361 3212 Murrubrio

155 3314 181 3403 t)
200 3333 272 3388 Plin.
291 3333 365 3400 VIII,
384 3340 427 3402 21,
447 3340 489 3389 33.
544 3338 572 3406 2)
591 3337 656 3392 Hor.
676 3337 727 3408 Ep.
746 3339 781 3404 ΙΙ,
802 3344 901 3403 1,186.
956 3345 983 3412 3)
1004 3342 1094 3400 1001.

80 3409 170 3471 4,13.
256 3375 1095 3483 9111114111.1)1111111’.1’11,611.1)11.

82 3446 208 3530 P‘seudo-
215 3476 309 3545 Apul.
333 3477 367 3530 de
404 3446 503 3531 niedio.
539 3478 688 3534 herbarum
715 3487 762 3548 46,
792 3488 815 3536 1.
855 3489 947 3553 73,1
983 3485 1100 3552 (Sam.

81 3543 222 3656 Sammon.
242 3552 302 3601 298.
322 3550 393 3617 693)
467 3547 605 3619 7.)Plaut
624 3549 730 3608 Baccb.
747 3557 814 3609 sm
