2468 3826
505 173 614 229 LIBER
632 173 679 229 ΠΙ.

87 335 170 401 Cum
192 337 309 401 laicum
334 359 404 402 sese
427 337 539 402 multis
564 359 726 402 macerare
749 337 861 401 diebus

87 425 251 510 Precipias
276 426 425 511 dulcique
449 426 606 491 absistere
630 426 777 509 coniugis
800 448 875 490 usu:

87 514 137 579 Tu
161 516 338 580 matutinas
361 515 501 600 nictagis
524 515 666 600 negligis
689 514 771 579 udus

85 603 131 667 Et
153 603 281 668 fumans
306 604 411 690 surgis
435 608 511 687 post
533 605 643 688 turpia
665 604 750 668 facta
772 603 897 686 tepenti
1115 620 1155 660 cro

87 689 241 776 Coniugis
265 714 282 756 e
306 693 430 778 gremio
454 714 644 778 sacramque
667 690 842 756 inmundus
866 690 906 755 ad
930 713 1020 756 aram

86 779 232 846 Accedis.
277 781 385 867 Turpe
409 785 472 865 est,
495 803 554 846 nec
577 782 683 847 solum
705 784 800 865 turpe
823 783 940 864 putes,¹
955 781 1011 845 sed

85 869 163 933 Plus
188 891 285 954 quam
308 873 416 956 turpe3
440 870 519 936 deus
541 892 601 954 pro
626 874 713 935 certo
737 869 817 934 talia
839 869 926 933 facta

87 957 172 1023 Odit.
218 959 263 1023 Et
285 959 354 1043 ipse
378 960 471 1042 deus,
494 959 598 1024 Paulo
621 962 763 1023 testante
785 957 887 1040 fideli,

85 1047 230 1129 Ecclesic
254 1047 357 1130 capud
381 1045 471 1132 esu1)
517 1045 600 1123 Quid
628 1048 760 1130 mirum,
788 1045 874 1130 quod
902 1049 1001 1131 caput
1023 1047 1100 1133 odit,
1114 1063 1154 1103 815

84 1134 157 1199 Hoc
180 1136 333 1200 detestari
357 1136 442 1221 quod
465 1140 572 1201 cetera
595 1136 741 1200 membra
763 1134 935 1200 videntur?

85 1221 162 1288 Non
183 1224 266 1289 bene
290 1225 485 1290 conveniunt
509 1225 586 1290 deus
611 1229 644 1289 et
666 1224 846 1307 dampnosa
868 1220 1016 1311 libid02)‚

84 1311 160 1378 Non
184 1313 265 1377 bene
289 1313 485 1379 concordant
507 1313 612 1378 Belial
636 1313 824 1396 culturaque
848 1310 979 1378 Christi.

84 1400 227 1487 Linquat
250 1423 341 1466 sacra
364 1402 416 1466 dei
439 1402 494 1485 qui
518 1403 588 1466 vult
610 1402 744 1467 uxorius
768 1398 886 1488 esse³),

84 1489 232 1575 Respuat
253 1512 400 1573 uxorem,
423 1491 479 1575 qui
502 1492 603 1555 sacris
627 1510 661 1554 se
685 1491 773 1554 dicat
795 1490 900 1554 almis.
1112 1505 1154 1546 888

85 1574 187 1652 Quem
212 1579 288 1661 quid
311 1578 483 1644 conveniat
506 1599 633 1642 servare
655 1599 713 1662 per
736 1579 859 1661 omnia,
882 1577 1020 1643 dicam.“

82 1981 165 2053 (VII.)
189 1982 229 2038 Dc
248 1995 279 2039 eo
299 1980 365 2049 quid
382 1981 422 2037 sit
437 1980 630 2037 sacerdotibus
645 1979 814 2037 servandum
828 1979 929 2048 quidve
943 1981 1098 2038 nurture
1186 1992 1188 1997 ⁴

81 2107 178 2191 „Non
201 2132 220 2174 a
243 2109 386 2194 coniugii
409 2109 600 2193 prohibetur
622 2108 730 2173 federe
753 2112 883 2172 tantum

83 2195 261 2275 Presbiter,
283 2197 463 2281 ingluviem
487 2196 609 2262 devitet
633 2201 666 2262 et
689 2196 888 2262 ebrietatem.

83 2283 160 2350 Non
183 2287 227 2349 sit
249 2286 431 2370 linguosus,
453 2306 514 2350 nec
536 2306 644 2368 scurrq
667 2307 757 2350 more
780 2286 917 2368 iocetur,

83 2371 151 2438 Nec
174 2374 260 2438 male
283 2374 421 2439 ditescat
444 2377 591 2439 sextante
613 2374 768 2439 lucrando
792 2369 993 2460 deuncem4),
1111 2391 1151 2432 82⁵

82 2460 165 2527 Alea
188 2483 256 2527 non
279 2462 322 2527 sit
345 2463 374 2527 ei
398 2483 459 2527 nec
481 2463 582 2527 fallax
604 2464 752 2528 thessara
776 2484 860 2545 cure.

82 2550 122 2615 In
145 2552 237 2616 libris
262 2551 391 2616 studeat
413 2573 553 2637 morum;
577 2552 739 2635 sapientia
761 2553 816 2617 lux
840 2554 903 2633 est,

84 2638 146 2705 Sed
171 2641 300 2725 sapiens
325 2641 393 2705 sine
417 2641 562 2705 moribus
587 2644 637 2706 est
659 2644 775 2725 puteus
800 2639 868 2704 sine
892 2638 977 2706 fune.

82 2726 232 2813 Undique
256 2750 291 2795 se
313 2752 432 2814 purum
455 2729 631 2814 custodiat,
654 2729 796 2813 undique
820 2731 935 2793 tutum.

82 2815 168 2881 Hinc
191 2821 240 2882 est
263 2818 348 2902 quod
372 2818 534 2903 quendam
558 2820 635 2883 deus
659 2818 806 2882 erudiens
831 2818 891 2882 ait:
913 2815 1004 2883 Heus
1027 2819 1063 2883 tu
1109 2835 1151 2875 888

83 2901 209 2988 Clamo,
231 2927 272 2970 ne
297 2928 416 2991 cesses,
439 2908 547 2972 exalta
569 2911 608 2972 ut
630 2906 747 2971 bucina
769 2903 922 2992 vocem.⁵)

81 2990 154 3056 Hoc
176 2992 248 3057 ideo
272 2992 366 3079 dixit,
389 2996 464 3080 quia
487 3018 563 3080 sepe
586 2997 699 3062 docere
723 2997 884 3061 volentem

81 3128 296 3136 —-.-—-.-——

154 3207 205 3258 809
229 3217 252 3260 c.
271 3204 385 3273 maccio
481 3212 532 3261 811
557 3224 580 3262 c.
598 3208 713 3278 eyremio
810 3209 861 3260 823
887 3221 910 3259 c.
929 3205 961 3259 in
978 3205 1096 3276 cluviem
1162 3214 1167 3223 ⁸

82 3278 133 3328 827
154 3290 176 3328 c.
195 3274 427 3330 studeautmorum

155 3470 181 3538 1)
198 3469 301 3540 Ephes.
322 3475 346 3538 5,
366 3475 408 3525 23.
473 3472 501 3542 2)
520 3470 586 3526 Hor.
605 3470 656 3542 Ep.
676 3470 710 3535 ΙΙ,
726 3477 749 3538 1,
766 3474 825 3526 107.
889 3474 918 3540 3)
936 3470 1004 3526 Hor.
1023 3470 1053 3526 C.
1071 3472 1095 3538 Ιι

82 3545 107 3608 2,
128 3546 162 3595 20
181 3542 212 3595 ot
229 3540 316 3596 schol.
336 3542 435 3597 Acron.
494 3545 522 3613 4)
541 3541 806 3611 cf.Pors.V,1t(l.
860 3541 999 3610 exisses.
1010 3545 1115 3601 bm-
