2468 3826
538 178 649 233 LIBER
666 177 687 232 1.
1078 178 1119 243 15

103 340 231 422 Rumpe
243 362 379 424 moram,
389 340 466 426 quid
476 343 552 425 stas,
562 341 639 426 quid
650 340 806 424 hiantem,
817 341 966 427 pessime,
981 340 1120 407 vexas?“

105 428 194 494 Dicit
217 432 251 493 et
275 429 412 494 adducto
435 429 622 514 procumbit
644 450 780 494 cernuus
804 451 909 514 armo,
1134 447 1174 487 eoo

103 516 264 601 Perpetuo
289 519 459 603 opperiens
482 519 540 583 leti
562 517 748 583 discrimina
771 519 895 583 morbo.

103 605 190 670 Nam
214 607 304 672 cibus
326 607 507 672 inmodicus
531 606 610 672 facit
633 610 781 692 egrotare
805 607 970 692 gulosum,

37 716 41 721 ·
102 693 189 759 Dum
213 699 341 760 certant
364 696 448 760 elixa
472 696 554 760 assis
562 693 601 779 ¹),
623 699 796 760 mansueta
817 696 938 761 ferinis.

102 783 163 848 Isti
186 782 340 869 cyaneo²)
364 785 519 870 purganti
541 785 673 849 flumine
696 785 823 867 palmas

103 871 203 937 Astat
224 874 338 938 devote
361 873 477 938 villoso
501 892 645 957 gausape
668 870 811 957 verna³)‚

102 959 187 1025 Dein
208 961 332 1026 nitidus
356 961 460 1025 malas
483 961 640 1027 distendit
662 963 757 1044 panis
781 961 902 1026 edaces.

104 1047 194 1113 Tunc
218 1049 294 1134 quia
317 1050 463 1132 vulgaria
487 1050 594 1115 ventri
618 1050 727 1114 sordet
750 1049 839 1114 cibus
864 1046 985 1136 albot,

102 1136 274 1223 Aggrevat
295 1138 445 1222 ingentes
469 1139 599 1222 patinas
623 1139 819 1222 rombusque
844 1135 1044 1224 lupusque.⁵)

101 1225 263 1291 Lancibus
286 1226 321 1290 in
344 1227 459 1310 pandis
483 1228 587 1292 culter
610 1227 799 1311 coclearque
822 1231 983 1311 moratur,

101 1313 210 1380 Aurea
232 1315 380 1380 blandito
402 1319 576 1399 portantur
599 1315 726 1398 cymbia
748 1319 843 1399 potu,

101 1401 183 1469 Chia
206 1404 337 1488 ciphum
361 1405 496 1490 cingunt
519 1405 646 1470 abiecto
671 1404 748 1468 vina
770 1403 924 1487 Falerno,

100 1490 203 1556 Poma
225 1492 409 1558 refutantur
430 1515 511 1577 non,
533 1515 595 1577 que
618 1493 675 1557 dat
698 1492 824 1556 Medica
847 1493 951 1557 tellus.

101 1578 186 1654 Quid
208 1581 324 1664 loquar
348 1586 494 1646 astantes
517 1581 593 1646 ficta
616 1581 771 1645 ditescere
795 1581 890 1644 laude

100 1664 275 1753 Mimos⁶)‘?
299 1668 334 1732 hi
358 1669 496 1733 dominis
520 1673 593 1734 astu
616 1691 675 1754 per
697 1670 797 1733 verba
819 1670 930 1733 iocosa

100 1755 248 1821 Plurima
272 1756 452 1841 surripiunt
474 1758 573 1822 etiam
597 1758 759 1841 scalpente
783 1757 896 1822 datore

101 1842 263 1929 Sinoiput3
286 1846 443 1911 exhausto
468 1846 624 1911 decrescit
647 1848 740 1930 copia
763 1868 872 1912 cornu.

99 1934 245 1999 Alterius
269 1935 386 2000 molles
409 1937 579 2019 perturbat
601 1935 781 2000 harundine
804 1934 915 1999 Erinis

100 2023 274 2111 Auriculas
298 2046 429 2109 resona,
451 2024 542 2089 tenui
566 2024 737 2090 volatilla
761 2046 892 2088 susurro

99 2111 314 2196 Diffinditque
338 2114 403 2178 cito
427 2113 595 2178 cerebrum
618 2113 717 2177 vitale
739 2114 851 2178 volatu

101 2199 197 2264 Ocior
221 2222 258 2264 ac
280 2201 375 2285 tigris
399 2202 521 2286 rapidis
546 2202 673 2286 agitata
696 2201 848 2284 molosis3⁴

46 2294 48 2298 ‘
99 2286 168 2352 Nec
191 2291 260 2351 tam
282 2289 406 2371 pernici
429 2294 602 2373 quassatur
625 2289 776 2353 machina
799 2289 906 2353 choro.

13 2400 15 2407 ·
100 2375 182 2440 Tum
206 2397 276 2440 sese
299 2378 334 2440 in
357 2378 482 2460 sponda
505 2382 602 2443 vovet
624 2381 661 2441 ut
684 2377 806 2442 lasciva
827 2373 970 2462 puella⁷)

169 2628 222 2676 390
241 2639 263 2676 c.
283 2624 392 2677 conica
499 2628 552 2677 394
574 2623 622 2677 isti
641 2624 670 2676 in
689 2637 742 2676 ras.
851 2626 902 2675 397
927 2621 994 2690 quia
1012 2620 1042 2676 in
1059 2639 1113 2677 ras.

98 2693 165 2764 412]
184 2694 258 2748 inter
277 2699 328 2748 412
348 2696 378 2748 et
396 2698 448 2748 413
467 2693 569 2748 lacuna
587 2692 728 2748 indicatur
745 2691 896 2747 intervallo
919 2693 1001 2747 unius
1019 2709 1115 2749 versus

96 2763 254 2820 interiecto.
295 2782 405 2820 versum
433 2770 485 2819 413
513 2764 567 2819 hoc
594 2764 658 2819 loco
685 2762 804 2817 nothum
831 2765 901 2832 puto
929 2763 997 2832 qnia
1023 2781 1114 2832 neque

99 2834 329 2956 nrrttccedentibus
343 2851 434 2903 neque
454 2835 636 2903 sequentibus
655 2832 794 2902 convenit,
813 2833 932 2890 fortasse
951 2835 1114 2891 inserendus

99 2921 128 2957 es
160 2904 234 2958 inter
253 2910 288 2960 84
307 2909 336 2961 et
354 2911 387 2961 85

170 3048 197 3170 lp
216 3046 283 3102 Hor.
299 3046 405 3114 Satn,
420 3051 445 3115 9,
462 3053 494 3102 79
505 3063 546 3115 sq.
597 3049 625 3116 3)
639 3047 722 3102 Prud.
737 3047 838 3172 Pspch.
853 3052 906 3102 353
916 3064 956 3114 sq.
1005 3048 1032 3115 3)
1046 3046 1113 3101 Hor.

98 3117 155 3172 Sat.
171 3119 205 3187 1,
221 3122 245 3186 8,
261 3123 294 3170 10
305 3136 344 3186 sq.
412 3120 440 3184 4)
458 3118 535 3172 Pers.
556 3117 613 3174 Sat.
628 3118 676 3187 111,
692 3125 735 3174 93.
754 3137 788 3174 c.
808 3116 967 3188 Eupolemii
986 3115 1015 3171 0.
1034 3113 1112 3184 (Ood.

95 3189 193 3244 Dresd.
213 3190 254 3243 Dc
276 3194 346 3243 171⁸
362 3188 410 3244 fol.
430 3186 496 3257 24¹³)
514 3188 535 3254 Ι,
555 3194 606 3244 519
629 3192 811 3315 995913157ὸυθ
830 3187 988 3259 ingurgitat
1006 3187 1109 3240 album.

97 3265 124 3329 5)
143 3260 210 3316 Hor.
230 3261 289 3316 Sat.
308 3260 341 3329 ΙΙ,
360 3267 385 3329 9,
401 3266 442 3317 95.
463 3268 506 3316 31.
530 3260 565 3314 cf.
584 3261 744 3331 Eupolemn
786 3303 791 3316 .
810 3259 830 3314 l.
849 3261 867 3317 1.
887 3259 908 3325 Ι,
927 3263 980 3311 474
998 3255 1112 3311 rombus

96 3347 226 3401 capream
244 3333 328 3402 lupus
347 3349 450 3386 ursum.
541 3333 568 3400 6)
588 3332 622 3386 cf.
641 3330 764 3387 Anselm.
784 3333 867 3400 gesta
885 3344 948 3411 epp.
968 3328 1112 3411 Leodiens.

94 3400 652 3599 pfftjffitpitttrdtdinttt
669 3402 850 3528 3373139
878 3417 960 3540 Ἣ
976 3416 1112 3526 ‘odit

136 3585 143 3611 r
199 3586 205 3614 s
261 3587 267 3598 ·
