2468 3826
529 178 639 234 LIBER
658 179 679 233 I.
1093 179 1113 242 3

98 339 261 407 Dimisere
284 345 394 426 patres
417 345 612 408 renovantes
635 341 785 426 passibus
809 341 901 406 illam
1030 394 1031 397 η
1128 359 1155 400 45

100 427 241 494 Crebris.
283 430 450 496 Mendieos
473 432 563 496 victu
586 452 697 496 cassos
721 434 756 494 et
778 432 899 495 amictu

36 530 40 534 ’
97 518 274 584 Fuleibant
296 524 329 584 et
350 540 417 584 non
440 541 623 584 marearum
646 520 788 603 pondere
810 518 908 583 fiscos

98 606 272 691 Stipabant
295 611 352 673 aut
374 609 459 673 mole
484 609 576 694 gravi
599 608 752 693 granaria
774 607 914 691 frugum.

98 696 155 760 Illi
179 698 277 761 etiam
300 697 416 762 heroas
440 697 560 762 virtute
584 718 706 780 eroque
729 695 886 761 verendos

97 782 303 852 Constituere
327 784 423 850 duces
431 783 469 872 ¹),
492 788 649 870 primates
674 789 772 870 atque
794 784 953 849 tribunos.

97 872 187 938 Tunc
210 875 267 958 qui
290 874 365 939 vilis
389 879 472 957 erat,
496 876 642 958 quamvis
666 879 801 938 centena
823 873 948 937 talenta

97 961 213 1026 Palma
235 964 418 1047 porrigeret
440 963 582 1028 tremula
604 960 813 1047 gemmasque
836 961 977 1026 nitentes

96 1049 262 1115 Proferret
285 1051 447 1116 titubante
470 1052 560 1135 vola,
583 1072 649 1116 non
672 1050 740 1115 ulla
762 1053 908 1134 potestas

98 1136 260 1204 Concessa
283 1143 334 1203 est
356 1139 416 1203 illi.
462 1137 525 1205 Sed
548 1161 633 1204 nuno
656 1142 712 1225 qui
734 1138 846 1204 vendit
869 1138 1006 1223 opellae,

96 1225 261 1292 Discissos
285 1228 375 1293 senio
398 1228 515 1312 byrsas
539 1229 594 1312 qui
618 1229 724 1293 tendit
747 1228 869 1292 olentes

96 1314 260 1381 Dentibus
283 1317 452 1401 inpressis,
475 1318 571 1382 tereti
595 1318 650 1403 qui
672 1318 781 1402 lignea
802 1320 898 1382 torno

95 1403 186 1469 Vasa
207 1409 310 1489 rotat,
333 1407 436 1470 multo
461 1405 489 1470 si
513 1407 633 1471 serinia
654 1406 767 1488 fenore
789 1404 878 1469 farta

95 1492 295 1576 Exspolians
319 1494 457 1559 nitidam
480 1494 625 1579 portabit
648 1493 688 1558 ad
712 1494 798 1558 atria
819 1513 976 1574 massam,

95 1581 155 1645 Ille
179 1582 329 1647 tribunus
355 1583 430 1666 erit,
453 1583 662 1667 quodcunque
686 1582 817 1646 affectat
839 1580 985 1645 babebit.

96 1669 203 1734 Nemo
228 1673 305 1734 tunc
329 1667 533 1755 scalprum²)‚
556 1691 650 1734 nemo
674 1674 752 1734 tune
776 1665 918 1754 scrutul)
941 1673 1079 1752 paterna

97 1757 304 1842 Inproperut,
328 1759 384 1823 dat
407 1779 488 1844 gaza
512 1779 627 1843 genus,
649 1759 802 1843 formam,
825 1758 1032 1842 probitatem.

97 1845 284 1911 Nummatis
308 1870 383 1932 pars
407 1847 512 1931 prima
535 1847 638 1930 favet,
661 1847 834 1912 laudantur
857 1844 1049 1933 amanturf)
1133 1900 1140 1915 ,

97 1934 292 2001 Consulibus
317 1936 479 2023 quondam
502 1935 659 2001 Romanis
683 1958 753 2002 mos
778 1939 849 2001 erat
870 1936 944 2021 iste,

42 2051 45 2057 ¹
95 2024 170 2089 Non
193 2024 257 2106 nisi
280 2025 429 2090 discretis
453 2025 656 2090 committere
679 2025 899 2110 pontificatus,

95 2111 221 2195 Utpote
245 2114 383 2178 morosis
408 2115 705 2199 scripturarumque
727 2115 857 2198 peritis,
936 2149 939 2155 ·

96 2199 167 2264 Illis
191 2203 351 2285 agricolas
375 2203 491 2267 brutos
514 2204 642 2267 ratione
665 2206 812 2268 carentes

96 2287 288 2353 Presbiteris
312 2289 452 2354 formare
475 2291 601 2374 probis,
624 2311 684 2354 nec
706 2310 840 2374 poscere
864 2288 974 2355 soldos

95 2376 202 2442 Immo
227 2376 369 2442 sedulius
392 2379 456 2461 ipsi
478 2382 588 2462 petere
612 2400 649 2443 ac
671 2380 866 2462 peterentur.

96 2464 176 2541 Quis
200 2470 233 2531 et
257 2469 337 2551 quot
360 2467 457 2531 claris
480 2471 558 2532 tunc
581 2467 710 2552 pollens
733 2471 821 2532 terra
844 2465 1000 2550 sophistis

94 2553 216 2639 Fulsit,
240 2560 383 2641 quotque
407 2557 513 2640 anime
537 2577 638 2642 regna
663 2556 830 2621 obtinuere
853 2555 965 2620 beatul

94 2643 169 2708 Heu
190 2666 277 2710 nuno
299 2643 688 2730 posteritasiontempto
713 2665 802 2709 more
825 2647 998 2728 parentum

96 2731 214 2798 Omnia
236 2735 408 2818 pervertit,
431 2734 535 2818 pietas
558 2734 622 2799 heu
645 2732 791 2797 funditus
816 2733 921 2797 omnis

96 2819 297 2905 Destruitur‚
320 2823 415 2906 pauci
439 2827 514 2886 sunt
538 2823 594 2906 qui
617 2822 658 2886 ad
681 2822 814 2904 celestia
836 2821 981 2887 tendant.

96 2908 199 2983 Quere
222 2911 333 2993 fidem,
355 2932 422 2976 non
444 2911 605 2993 invenies,
627 2910 716 2975 fraus
739 2914 868 2995 regnat3
892 2914 925 2975 et
947 2911 1018 2995 ipse

96 2994 157 3061 Oui
181 2998 267 3063 bona
290 3002 326 3063 tu
349 2999 444 3083 facie,
469 3000 615 3084 aspergit
637 3021 766 3065 rumore
790 2999 877 3064 malo
900 3004 943 3064 te.

168 3212 202 3262 55
222 3225 258 3262 an
276 3208 423 3263 dieamus?
497 3214 531 3264 67
551 3225 573 3265 c.
596 3209 745 3264 Prebiteris

97 3337 311 3346 ——-————-

169 3405 194 3471 1)
214 3404 280 3458 Tac.
302 3376 394 3458 (lerm.
415 3408 430 3457 7
450 3403 535 3459 duces
555 3422 589 3459 ex
607 3404 712 3461 virtute
732 3403 853 3458 sumunt.
946 3403 973 3470 2)
993 3400 1027 3459 cf.
1045 3403 1113 3458 Hor.

95 3473 153 3529 Sat.
174 3473 208 3544 11,
227 3481 252 3542 8,
274 3479 324 3529 106
344 3475 373 3528 et
391 3474 477 3529 schol.
496 3473 597 3531 Acron.
686 3476 714 3543 3)
734 3472 768 3528 cf.
788 3473 856 3530 Hor.
875 3474 927 3544 Ep.
947 3475 971 3540 Ι,
988 3481 1018 3538 ’ἱχ
1031 3480 1071 3526 ss
1086 3479 1122 3524 es

95 3543 182 3601 schol.
202 3549 301 3601 Acron.
374 3546 402 3613 4)
422 3543 489 3601 Hor.
508 3547 560 3618 Ep.
580 3545 604 3615 Ι,
621 3552 649 3615 b,
667 3551 699 3600 tl
711 3562 757 3612 su„

952 3622 996 3672 Ψ·
