2468 3826
522 158 631 212 LIBER
648 157 669 211 I.

85 320 202 386 Nonne
228 315 316 385 duos
331 321 416 386 libro
442 318 647 405 Genealogus
672 319 789 384 indidit
813 319 918 384 almus
1017 330 1020 336 '

85 408 245 474 Personas
270 409 396 493 quando
420 409 503 473 dixit
525 431 598 473 cum
623 409 777 493 sulphure
801 408 948 474 flammas

87 493 220 581 Depluit
244 520 263 561 a
286 497 416 563 domino
441 498 591 562 dominus
615 495 789 562 Sodomam
814 519 911 581 super
933 496 1103 583 urbemn)

86 586 173 651 Hinc
196 585 294 650 etiam
316 586 436 650 David:
460 586 537 651 deus
561 586 654 650 unxit
677 588 710 650 te
734 591 809 650 tuus
817 583 857 671 ²),
880 587 987 671 inquit

86 675 317 759 Promisitque:
340 676 419 739 deus
443 675 535 740 sedes
558 674 662 762 tua³);
687 675 764 739 dicit
787 680 820 739 et
843 675 937 739 alter:
1116 691 1157 733 495

86 763 210 828 Exulta
232 762 333 848 Syon,
355 764 457 829 iubila
481 765 576 848 satis,
600 785 639 828 en
663 785 723 848 ego
747 784 886 848 namque
1045 777 1049 783 ’

86 851 206 937 Tecum
229 852 436 918 habitaturus
459 853 565 937 venio,
589 853 738 917 dominus
763 851 840 916 deus
864 848 1015 937 inquid),

86 941 132 1005 Et
154 963 269 1006 nosces
293 941 370 1025 quia
392 962 443 1005 me
466 942 557 1006 misit
579 941 728 1006 dominus
752 940 830 1005 deus
854 940 894 1004 ad
917 944 950 1005 te

85 1028 137 1093 Me
161 1029 327 1094 dominum
351 1029 509 1095 dominus.
546 1028 650 1113 „Quid
673 1028 778 1094 adhuc
802 1029 970 1114 dubitatis,
991 1029 1104 1115 inepti,

87 1116 256 1182 Christum
266 1117 430 1183 hominem
441 1121 539 1202 atque
549 1118 643 1182 deum
656 1117 824 1182 venerari?
849 1117 933 1194 Quid
947 1118 1103 1183 dubitatis
1117 1137 1158 1177 sco

86 1206 233 1292 Virginis
258 1228 297 1270 ex
320 1206 416 1271 vulva
440 1204 606 1271 Christum
630 1206 778 1289 prodisse
801 1205 927 1290 Mario?

70 1293 210 1360 ¹Contra
232 1299 383 1360 naturam
407 1297 461 1378 qui
485 1295 547 1360 fari
570 1295 665 1360 iussit
689 1295 823 1360 asellam

86 1384 178 1448 More
201 1383 384 1466 hominum,
407 1385 565 1450 intactam
588 1384 684 1448 iussit
707 1385 861 1468 generare
884 1384 1055 1468 puellam.“

85 1471 207 1553 „Quem
223 1492 379 1556 generare
387 1472 422 1536 ?“
454 1473 588 1557 „Deum
605 1494 772 1558 perquem
787 1473 1103 1557 pateromniafecit.
1161 1516 1165 1521 -

84 1560 148 1625 Hic
173 1565 223 1625 est
246 1582 340 1625 verus
363 1561 475 1644 homo,
499 1584 594 1625 verus
618 1562 710 1642 deus,
734 1568 855 1644 accipe,
878 1582 955 1625 num
979 1562 1032 1628 sit.
1119 1580 1159 1620 sos

85 1648 201 1713 Esurit
224 1652 257 1713 e't
279 1650 412 1732 dormit,
434 1650 540 1714 tristis
564 1649 664 1732 dolet,
687 1648 747 1713 hec
770 1649 912 1713 hominis
937 1653 1019 1714 sunt.
1097 1723 1100 1728 ,

82 1736 183 1802 ¹Nunc
208 1759 269 1820 quq
294 1740 383 1820 sunt,
407 1738 552 1820 adverte,
576 1739 640 1821 dei,
663 1736 774 1821 Iudee,
796 1741 951 1802 retexam.

85 1825 126 1891 In
149 1826 262 1890 vinum
282 1828 447 1891 conuertit
470 1823 616 1913 aquas5),
639 1825 724 1890 bibit
748 1825 986 1892 architriclinus

85 1914 131 1979 Et
153 1916 264 1979 'vinum
288 1936 432 1980 servasse
456 1916 578 1980 bonum
601 1917 755 1999 pincerna
776 1912 952 2002 putatur.⁶)

85 2002 186 2069 Siccis
211 2005 352 2069 ceruleas
375 2005 499 2088 plantis
522 2009 677 2090 peragrat
700 2005 778 2069 deus
802 2004 921 2088 undas,
1015 2039 1019 2047 ·
1118 2024 1159 2064 510

87 2090 185 2157 Stans
209 2090 317 2176 panda
340 2095 373 2157 in
396 2094 497 2178 puppi
520 2094 663 2158 tumidas
687 2092 851 2177 Aquilone
874 2090 1066 2179 procellas⁷)

86 2179 233 2246 Conterit
257 2186 289 2246 et
312 2182 448 2266 pelagus
472 2182 606 2265 depulso
630 2182 762 2266 mitigat
783 2181 882 2246 Euro.

84 2268 244 2333 Piscando
268 2271 341 2332 tota
363 2271 579 2354 nequicquam
601 2274 697 2334 nocte
720 2270 874 2334 laborans

84 2356 200 2421 Petrus
224 2357 318 2421 utin
341 2358 441 2422 verbo
465 2357 588 2422 domini
611 2379 670 2421 sua
692 2358 777 2421 retia
799 2357 902 2439 laxat,

85 2444 150 2509 Vix
174 2445 266 2511 effert
289 2445 393 2511 multo
418 2446 576 2511 distentas
599 2445 688 2530 pisce
713 2467 860 2532 sagenas.
1119 2465 1159 2506 515

77 2534 173 2599 ‚Dum
196 2534 305 2621 pergit
328 2535 478 2600 dominus
501 2535 593 2620 Iayri
616 2556 767 2599 revocare
789 2533 934 2618 puellam
1057 2550 1066 2574 ¹

86 2621 244 2708 Suprema
267 2623 305 2687 de
330 2627 417 2689 sorte
440 2629 542 2709 retro,
566 2624 647 2688 bene
670 2623 792 2687 femina
816 2622 947 2687 credens

85 2713 220 2778 Accedit
242 2713 412 2799 tangitque
435 2736 535 2778 manu
557 2712 732 2797 pendentia
755 2709 857 2799 fila⁸):

30 2815 34 2821 ’
84 2799 153 2866 Neo
176 2823 283 2886 mora,
306 2804 396 2867 tacta
419 2803 552 2867 rubrum
577 2800 771 2866 constrinxit
793 2800 922 2882 fimbria
945 2802 1075 2867 fluxum.

86 2887 166 2963 Quis
189 2895 287 2973 neget
310 2912 380 2955 esse
404 2889 498 2955 deum
522 2890 577 2974 qui
600 2889 750 2954 demones
776 2890 851 2955 eicit
875 2893 908 2954 ct
931 2891 982 2955 oui
1117 2907 1158 2947 52⁰

86 2975 268 3061 Spirituum
290 2977 432 3044 humano
456 2980 636 3064 glomerata
658 2979 693 3042 in
716 3000 842 3044 carcere
865 2983 951 3048 tetra
1024 3030 1027 3034 Α

27 3177 31 3184 ’
157 3192 207 3241 501
229 3204 252 3242 c.
272 3189 387 3244 exculta
458 3193 509 3244 503
530 3206 552 3244 c.
570 3189 603 3244 ia
619 3193 720 3244 tactam
792 3194 844 3243 513
864 3205 886 3243 c.
906 3192 991 3243 totam
1097 3264 1101 3271 .

87 3317 300 3324 -——-——.—.—

159 3383 737 3453 1)Gen.19,a4.Prud.Apoth.316.
863 3385 891 3452 a)
914 3383 987 3439 Psar.
1012 3390 1054 3451 44,
1075 3390 1099 3438 a.
1217 3416 1220 3421 <

85 3456 112 3524 a)
132 3454 204 3510 Psal.
224 3461 267 3522 44,
288 3461 312 3509 τ.
420 3456 447 3523 4)
468 3454 550 3510 nach.
571 3461 595 3522 o,
616 3461 639 3509 o.
749 3456 775 3520 s)
795 3452 888 3508 Sedu.
909 3454 938 3509 c.
958 3455 988 3509 P.
1007 3454 1055 3522 111,
1074 3461 1098 3508 4.

85 3526 190 3593 q10n.
210 3533 235 3595 a,
255 3533 279 3581 9.
354 3528 380 3596 r)
398 3524 466 3582 Aen.
486 3525 508 3595 1,
529 3531 588 3582 102.
661 3528 688 3594 a)
708 3523 801 3580 secur.
817 3523 846 3581 o.
866 3524 898 3580 r.
914 3525 971 3592 ur
983 3532 1053 3578 rna.

925 3610 962 3661 ‘ll‘
