2468 3826
493 145 707 203 PRAEFATIO.
1071 157 1110 211 XI

93 312 187 397 lbsq.
212 310 428 395 52811511.
450 308 511 393 III,
537 310 587 375 16.
611 311 710 394 7011.
735 311 786 377 74.
811 310 910 393 7911.
936 309 1009 374 139.
1033 310 1109 375 214.

93 400 159 466 445
170 421 216 484 eq.
234 397 292 478 IV,
306 398 371 463 419
384 420 429 483 sq.
443 397 542 483 positi
557 399 634 482 quid
654 398 850 463 contineant.
884 398 1008 474 Quibus
1027 398 1108 463 locis

93 510 145 554 res
161 488 201 553 ad
211 487 404 553 medicinam
419 489 602 570 spectantes
616 490 800 552 tractantur
809 508 909 572 quare
919 485 1108 551 Amarcium

92 577 253 642 medicum
285 575 387 641 fuisse
414 597 604 661 persuasum
634 575 749 642 habeo.
800 575 863 652 Qui
891 596 966 640 suae
991 575 1109 640 aetatis

92 666 252 731 medicina
271 668 340 730 arte
360 665 454 731 valde
472 665 623 730 inbutum
647 687 681 730 se
705 665 841 750 praebet
863 667 897 728 et
918 663 1109 748 plerumque

93 754 238 839 corporis
263 753 413 818 remediis
438 754 565 818 animae
589 752 735 838 obponit,
759 774 822 838 quo
841 753 1051 835 demonstret,
1075 773 1109 817 se

93 843 251 908 medicum
275 843 374 907 etiam
398 843 525 907 animae
549 842 639 907 vitiis
668 842 789 907 mederi
815 863 919 927 posse.
964 840 1011 906 Et
1034 841 1109 907 hino

94 953 221 1017 quoque
244 936 350 996 totum
375 952 504 996 carmen
527 935 640 995 natum
664 953 734 996 esse
758 935 847 1015 puta.
884 929 947 996 Sed
964 929 1045 995 haut
1063 931 1110 994 ita

92 1021 190 1086 facile
208 1020 297 1086 dictu
317 1023 374 1103 est,
399 1020 515 1104 quibus
535 1041 574 1084 ex
596 1019 689 1084 libris
708 1019 885 1084 medicinae
905 1018 985 1083 artis
1010 1019 1110 1084 soien-

93 1109 175 1173 tiam
203 1107 375 1173 Amarcius
406 1108 562 1189 hauserit3
598 1108 709 1191 quaeri
742 1109 828 1174 enim
858 1111 968 1191 potest
999 1110 1110 1172 utrum

94 1197 151 1261 ille
179 1196 214 1261 in
243 1196 395 1262 remediis
428 1196 540 1262 dandis
569 1196 774 1281 antiquitatis
804 1218 846 1262 an
873 1196 923 1260 sui
952 1197 1109 1279 temporis

94 1285 216 1370 scripta
243 1285 415 1370 expilando
443 1286 589 1350 imitatus
621 1286 670 1350 111.
718 1284 917 1351 Notissimus
947 1288 979 1348 et
1002 1306 1109 1350 versa·

94 1373 240 1439 tissimus
259 1377 347 1439 certe
365 1375 396 1438 ei
418 1373 482 1439 fuit
500 1372 632 1458 Plinius,
655 1378 692 1440 ut
716 1374 890 1439 secundum
914 1377 1012 1457 caput
1034 1373 1110 1438 libri

94 1463 201 1547 quarti
229 1467 340 1546 aperte
367 1467 507 1529 testatur
535 1466 632 1547 atque
661 1465 703 1529 ob
732 1485 804 1528 earn
827 1484 895 1527 rem
920 1462 1109 1527 Amareium

93 1552 128 1617 in
147 1551 307 1618 medicina
326 1573 453 1637 quoque
472 1551 614 1617 Plinium
634 1552 812 1636 inspexisse
836 1553 904 1616 veri
928 1550 1033 1614 simile
1052 1555 1111 1616 est.

93 1638 248 1705 Fortasse
280 1641 310 1704 ei
342 1644 471 1724 praesto
502 1640 566 1705 fuit
594 1644 626 1705 et
653 1641 737 1705 liber
765 1639 875 1706 Sereni
904 1637 1110 1704 Sammonici.

97 1725 160 1793 Sed
193 1748 275 1812 quae
307 1728 364 1792 dat
396 1733 570 1813 praccepta
606 1729 646 1793 ad
683 1728 876 1795 medicinam
912 1727 1110 1812 pertinentia

94 1816 216 1881 maiore
241 1838 279 1882 ex
301 1820 397 1899 parte
421 1839 459 1882 ex
481 1818 606 1883 duobus
625 1818 713 1885 hisce
733 1817 919 1883 auctoribus
940 1816 1111 1902 desumpta

93 1927 159 1971 non
196 1909 285 1989 sunt3
324 1927 406 1990 quae
443 1907 546 1972 multo
584 1908 690 1992 magis
728 1907 884 1973 accedunt
917 1904 958 1970 ad
990 1907 1111 1970 librum

96 1992 402 2079 (Pseudo-)Apulei
440 1995 478 2060 de
515 1995 689 2060 herbarum
728 1996 911 2060 virtutibus.
969 1993 1031 2060 Sed
1070 2017 1111 2059 ne

95 2082 187 2148 illum
207 2083 336 2167 quidem
355 2083 456 2149 talem
481 2085 586 2169 qualis
609 2084 704 2150 hodie
729 2088 835 2150 exstat
858 2083 1023 2168 expilavit,
1048 2105 1112 2167 qua

97 2171 136 2235 de
169 2192 265 2236 causa
294 2176 426 2254 poetam
458 2172 624 2257 epitomen
653 2173 741 2238 illius
774 2173 849 2237 libri
880 2173 951 2238 aliis
983 2171 1111 2236 aliunde

96 2260 253 2342 excerptis
277 2259 342 2323 iam
366 2264 444 2325 tunc
473 2266 642 2326 consutam
673 2262 822 2326 manibus
851 2282 998 2326 versasse
1022 2264 1111 2342 puto.

163 2348 333 2412 Amaroius
346 2352 475 2431 praeter
488 2349 680 2416 medicinam
696 2352 778 2416 alias
793 2370 919 2434 quoque
929 2370 980 2412 res
992 2353 1110 2413 tracta·

95 2437 143 2501 vit
166 2436 251 2520 quod
275 2436 404 2521 quidem
422 2437 664 2523 Engelhuusiue
688 2439 789 2505 tradit
812 2439 921 2504 dicens
943 2441 976 2501 et
995 2437 1110 2502 doctri-

96 2525 169 2590 nale
193 2546 314 2591 novum
338 2548 411 2591 curn
436 2526 609 2593 dictavisse
633 2550 691 2613 pro
711 2529 819 2610 pueris
838 2532 871 2592 et
890 2525 1111 2592 Graecismum

94 2612 265 2698 pulchrum
293 2616 509 2699 conposuisse.
517 2614 542 2703 1)
587 2617 703 2700 Itaque
731 2616 902 2682 Amarcius
931 2617 1031 2681 etiam
1059 2637 1111 2679 res

168 2879 194 2945 1)
222 2877 299 2942 Quae
317 2878 404 2933 verba
422 2878 570 2934 transtulit
588 2879 729 2950 Biidinger
748 2881 766 2935 1.
786 2881 804 2936 1.
824 2900 851 2951 p.
871 2886 887 2934 3
907 2878 1111 2950 „Spraehlehre

94 2947 125 3001 in
138 2945 244 3003 Vereen
259 2948 403 3004 dichtete“
418 2951 447 3003 et
461 2948 686 3020 „Eneyelop'adie
700 2952 855 3007 verfaeste“
874 2951 923 3006 sed
941 2951 1011 3006 haee
1029 2950 1111 3004 falso.

96 3018 169 3074 Sane
192 3021 222 3073 et
244 3018 399 3075 doctrinale
423 3021 499 3090 quod
521 3021 669 3091 conposuit
687 3022 846 3077 Alexander
865 3023 899 3077 de
918 3021 994 3075 Villa
1012 3018 1065 3074 Dei
1084 3021 1113 3074 et

95 3086 273 3145 Graecismus
291 3106 375 3161 quem
399 3090 512 3163 scripsit
529 3092 707 3148 Eberhardus
726 3093 912 3149 Bethunensis
935 3091 981 3160 (cf.
1001 3091 1112 3158 Leyser,

95 3160 161 3216 hist.
181 3163 256 3231 poet.
277 3164 306 3217 et
324 3178 414 3232 poem.
435 3165 507 3220 med.
527 3163 590 3218 aevi
608 3183 635 3234 p.
652 3170 751 3234 76711.
772 3171 869 3233 79511.
889 3167 941 3217 829
960 3180 1000 3216 vs.
1016 3167 1049 3216 69
1061 3162 1112 3230 eq.)

95 3231 223 3288 versibus
233 3232 339 3302 scripta
348 3236 420 3290 sunt.
438 3234 613 3316 Hauptiusd.
622 3235 640 3289 1.
649 3254 675 3305 p.
686 3240 748 3304 160)
757 3233 978 3304 Engelhuusium
984 3232 1112 3301 Hugonis

96 3303 131 3357 de
154 3301 302 3373 Trimberg
325 3305 475 3374 registrum
500 3308 662 3362 rnaecurate
691 3307 887 3376 excerpentem
915 3304 951 3357 ad
979 3305 1113 3373 figmenta

96 3373 205 3430 venisse
225 3374 380 3430 obtendens
400 3377 486 3431 verba
504 3377 554 3431 1111
572 3376 686 3434 omuino
705 3378 818 3432 refutat.
858 3374 938 3440 Quod
959 3374 984 3428 si
1003 3373 1030 3429 ei
1048 3389 1112 3429 con-

97 3444 381 3572 iillliiesidmnibuse
389 3447 567 3573 riigiffimiin
571 3449 675 3574 31111111
689 3447 828 3574 flietopiae
845 3447 975 3571 11111111ςὲ
974 3445 1141 3578 {prqu

249 3535 296 3571 um
320 3534 364 3573 ess
425 3535 435 3571 1
470 3537 488 3574 1.
551 3538 569 3573 u
589 3535 668 3590 inger
718 3535 854 3588 cupium
871 3534 922 3571 aa
