2468 3826
122 139 168 206 24
494 137 769 194 sexnsusscn

122 302 284 387 Virginis,
306 305 344 366 ut
366 302 493 385 culpam
516 301 636 384 lascivq
659 302 789 366 tolleret
811 300 889 384 Ere.
970 374 974 379 ,

121 390 209 457 Nam
232 391 328 476 legis,
350 393 388 455 ut
409 389 506 456 viridi
528 389 590 455 duo
614 412 761 456 mansere
784 390 819 455 in
841 390 1007 474 paradiso,

122 478 232 564 thue
255 480 352 544 elusit
375 501 429 545 eos
453 501 586 563 serpens
609 479 840 564 nequissimus,
863 479 926 544 hoc
949 482 1011 562 est,

82 585 109 626 ⁶5
124 569 251 634 Demon
273 569 372 633 rerba
394 589 529 633 vomens
553 567 713 651 serpentis
737 570 777 634 ab
802 590 857 633 ore
880 569 1017 653 gravati.

124 656 251 741 Quippe
275 660 429 743 gravatus
453 659 523 720 erat
546 678 680 739 serpens
703 677 744 729 ne
768 657 845 742 quid
867 657 1067 741 loqueretur,

122 745 298 812 Possessus
321 748 417 810 norat
438 745 540 810 veluti
562 745 724 810 fanaticus
748 746 866 830 omnis,

123 835 346 919 Demonioque
370 855 480 898 omnes
504 834 636 899 obsessi.
683 831 743 899 Oui
766 834 854 898 rudis
876 833 949 899 Eva

123 923 266 1008 Dicenti,
288 945 347 1007 per
370 944 465 1007 quem
489 922 613 988 cavisse
638 923 718 987 satis
742 922 806 987 sibi
828 926 951 1006 posset,

84 1028 111 1069 πο
125 1010 161 1076 Si
184 1015 325 1096 saperet,
348 1010 479 1076 credens
503 1011 571 1075 edit
592 1010 729 1076 vetitum
755 1011 817 1076 sibi
839 1033 986 1095 pomum,

124 1101 336 1183 Porrexitque
359 1099 429 1165 viro
455 1100 510 1184 qui
533 1103 646 1183 captus
671 1104 704 1165 et
725 1101 795 1184 ipse
818 1100 966 1165 comedit.

123 1189 169 1253 nt
193 1188 270 1273 quia
292 1187 415 1270 primus
438 1187 536 1252 homo
560 1209 618 1271 per
640 1189 767 1273 lignum
791 1190 926 1272 corruit,
948 1188 1018 1272 ipse

23 1319 27 1326 ·
123 1275 187 1341 Per
209 1276 336 1361 lignum
359 1274 559 1359 reparandus
583 1279 666 1360 erat,
690 1279 910 1362 quantumque
932 1277 1073 1342 tumoris

123 1364 175 1430 Ex
197 1365 281 1430 vicio
305 1364 434 1449 cecidit,
457 1364 596 1429 contrito
621 1364 715 1430 corde
738 1366 841 1430 redire

83 1471 110 1512 π
124 1452 348 1519 Instituendus
372 1456 450 1518 erat.
496 1452 646 1537 Namque
669 1453 832 1540 Ypocrate
856 1454 992 1520 docente
1095 1511 1098 1517 .

122 1540 256 1619 Morbos
279 1565 337 1626 per
359 1542 452 1626 paria
474 1546 532 1607 aut
554 1543 718 1608 contraria
739 1543 889 1609 novimus
913 1566 983 1609 esse

122 1631 302 1697 Pellendos.
347 1631 420 1696 Hoc
443 1632 547 1714 qtemi
568 1632 701 1698 veniens
726 1633 882 1717 genitoris

124 1720 227 1785 Filius
251 1725 391 1803 eternus·
405 1720 444 1784 de
467 1720 546 1803 celis
570 1724 666 1805 atque
690 1722 812 1786 caduca

124 1807 200 1873 Sese
225 1830 319 1874 carne
343 1810 457 1893 tegens
481 1809 579 1872 homo
603 1810 723 1874 mansit
744 1809 947 1874 humillimus
971 1809 1056 1873 inter
1176 1874 1180 1879 ,

82 1914 110 1955 so
123 1895 307 1981 inplacidos
331 1895 536 1980 tumidosque
559 1897 708 1962 homines
731 1903 764 1962 et
787 1899 895 1963 rivere
918 1901 1027 1962 sancte

123 1984 291 2070 Exemplis
315 1986 437 2050 sanctis
460 2006 520 2050 nos
544 1985 657 2050 inbuit.
702 1984 748 2050 Ut
772 1987 876 2052 bonus
901 1986 1004 2051 omnis

124 2072 206 2139 Cum
230 2076 334 2140 bonus
358 2077 391 2138 et
414 2074 519 2138 iustus
543 2074 599 2157 sit,
623 2075 708 2158 quod
731 2075 823 2156 facit,
843 2075 972 2140 estimet
994 2075 1029 2138 in
1053 2097 1102 2155 se,

123 2162 207 2228 Esse
229 2186 345 2248 parum
370 2161 519 2229 Christus
543 2163 653 2228 docuit
675 2185 748 2228 cum
771 2186 872 2248 purus
896 2168 929 2229 et
950 2165 1062 2228 insons

122 2252 177 2318 Ad
199 2254 358 2338 templum
381 2252 458 2317 ferri
479 2252 584 2317 voluit
606 2252 801 2339 geminoque
823 2253 908 2337 piari

82 2359 110 2399 8⁵
123 2340 276 2424 Turture,
300 2343 417 2427 quique
440 2341 519 2407 facit
543 2345 672 2407 sanctos
696 2336 919 2407 sanctissimus
942 2338 1053 2427 ipse.¹)

123 2429 290 2514 Decrepiti
313 2434 363 2496 est
385 2431 470 2495 ulnis
494 2431 688 2496 contrectari
712 2430 871 2495 Simeonis

123 2516 288 2602 Dignatus
311 2519 480 2603 verbisque
505 2518 604 2582 sacris
629 2518 670 2582 ab
695 2540 732 2583 eo
755 2515 941 2604 benedici.²)

123 2604 232 2689 thue
255 2629 332 2672 suos
355 2610 469 2672 sancto
491 2608 640 2671 vereatur
664 2629 773 2672 amore
795 2611 946 2692 parentes

124 2693 277 2778 Quisque,
301 2694 367 2759 suis
391 2694 539 2760 dominus
559 2695 724 2760 subiectus
742 2693 853 2782 erat.³)
891 2694 954 2760 Sed
972 2699 1005 2761 et
1023 2700 1060 2761 ut
1078 2717 1142 2761 nos

83 2801 112 2842 ec
123 2782 187 2847 Per
209 2782 310 2847 fontis
334 2782 498 2847 lavacrum
523 2785 641 2849 sacrati
664 2784 732 2850 sive
756 2786 918 2851 salubrem

123 2870 186 2936 Per
208 2870 314 2936 cordis
337 2870 494 2955 gemitum
517 2873 718 2938 mundandos
742 2896 812 2940 esse
836 2875 978 2958 doceret,

122 2959 198 3045 Ipse
221 2961 271 3026 vir
294 2981 452 3025 annorum
475 2960 613 3044 triginta
635 2962 726 3027 venit
750 2963 790 3028 ad
813 2964 932 3028 undam

123 3049 274 3116 Iordanis
298 3049 461 3132 subiitque
484 3070 599 3113 manus
622 3049 727 3115 felicis
753 3050 893 3137 amici4),

196 3267 229 3316 87
248 3260 404 3333 Dignatus]
423 3261 453 3316 D
472 3259 584 3330 scripsit
601 3261 631 3314 M
704 3267 738 3316 90
757 3278 781 3318 c.
801 3263 942 3332 Perfoctis

195 3440 225 3508 1)
249 3439 314 3493 Luc.
335 3444 360 3506 2,
380 3443 423 3492 24.
532 3438 560 3507 ἓ)
584 3439 651 3493 Luc.
672 3443 696 3506 2,
715 3443 801 3507 absq.
909 3443 937 3510 3)
960 3439 1024 3496 Luc.
1050 3446 1074 3508 2,
1094 3445 1141 3496 51.

121 3509 151 3577 4)
168 3508 235 3567 Luc.
254 3515 280 3577 a,
299 3515 340 3564 21.
362 3515 405 3565 aa·
