2468 3826
480 146 697 205 PRAEFATIO.
1032 164 1099 218 xm

81 336 219 399 quorum
252 334 304 378 ars
337 313 449 398 magni
481 308 750 397 aestimaretur.¹)
806 311 900 389 Quod
932 311 1099 398 Biidinger

15 461 18 466 .
80 407 212 489 poetam
239 402 274 466 in
301 402 426 485 capella
452 401 544 485 regia
573 404 764 485 occupatum
792 401 892 467 fuisse
921 401 1098 486 coniecit²)‚

82 515 98 558 1
128 491 236 557 verbis
270 490 358 556 illius
391 490 541 556 concludi
577 489 710 555 minime
744 493 861 574 potest.
916 490 1029 576 Neque
1066 492 1098 556 id
1195 523 1197 527 ·

82 581 210 666 quidem
246 601 305 664 pro
343 583 431 645 certo
474 578 728 664 adfirmaverim,
764 580 951 646 Amarcium
987 579 1099 664 Spirae

82 674 245 736 versatum
264 668 460 734 Beradontis
479 668 641 733 curationi
664 668 858 734 interfuisse.
895 667 958 745 Qui
977 669 1100 734 fuerint

81 759 138 824 ille
165 757 315 824 Beradon
347 761 380 822 et
410 755 551 840 1111111,
577 755 641 823 154
674 753 753 843 (179
786 757 952 841 predictus
985 756 1098 843 herus)

82 843 279 932 Patricius³)
299 847 430 932 quidam
448 846 635 910 nominatus
654 846 719 911 iam
734 868 800 911 non
814 846 923 930 liquet.
961 845 1101 912 Carmen

83 937 190 1020 ipsum
205 935 376 1001 Amarcius
391 934 551 1000 dedicavit
564 934 635 1000 viro
655 935 737 1001 alias
756 936 852 1019 plane
870 935 966 1000 nobis
985 935 1100 1019 ignoto

84 1023 228 1090 Candido
239 1023 441 1107 Theopystio
452 1023 611 1088 Alchimo.
634 1022 737 1100 Quem
744 1023 889 1089 Amarcii
904 1023 1101 1110 magistrum

84 1112 187 1178 fuisse
207 1133 244 1177 1ο
265 1112 441 1178 verisimile
464 1116 522 1194 est,
546 1112 631 1197 quod
654 1113 688 1176 in
711 1112 914 1197 praefatione
938 1116 1036 1198 poeta
1060 1112 1101 1177 ab

86 1222 123 1266 eo
156 1201 240 1285 petit
271 1207 308 1267 ut
332 1210 422 1286 'quae
454 1201 544 1287 prius
578 1205 711 1267 conatus
739 1203 783 1267 sit
810 1202 989 1267 carminum
1020 1201 1102 1267 obli-

84 1287 267 1375 viscatur.⁴)
315 1289 403 1367 Quae
432 1292 500 1356 sine
530 1290 628 1355 dubio
653 1295 803 1376 spectant
826 1290 866 1355 ad
891 1291 1042 1357 carmina
1060 1291 1101 1355 ab

85 1378 238 1445 Amarcio
262 1379 436 1445 admodum
458 1380 575 1444 iuvene
598 1379 651 1445 vel
670 1379 911 1445 adulescentulo
931 1380 1101 1463 conposita

85 1465 294 1552 Candidoque
322 1467 371 1533 illi
398 1469 481 1534 bene
508 1472 597 1533 nota.
644 1468 744 1533 Aliud
773 1469 943 1552 quicquam
968 1472 1102 1551 excepta

86 1557 224 1639 mystica
239 1556 278 1620 de
292 1554 428 1621 Candidi
443 1557 588 1640 corporis
603 1557 711 1621 colore
725 1556 813 1621 facta
830 1553 1100 1641 significatione⁵)

87 1644 125 1708 de
140 1643 198 1709 illo
214 1645 248 1707 in
262 1645 403 1708 carmine
417 1665 482 1708 non
497 1642 705 1731 invenitur.⁶)
733 1643 846 1728 Neque
865 1644 980 1709 titulus
994 1645 1101 1710 nostri
1129 1643 1131 1645 ’

87 1732 240 1796 carminis
269 1752 375 1796 merus
404 1732 470 1796 iam
498 1735 618 1816 exstat3
648 1732 704 1797 sed
733 1733 977 1818 inscriptionem
1007 1756 1103 1817 quani

86 1820 122 1884 in
158 1821 308 1905 catalogo
345 1820 534 1886 monasterii
573 1820 767 1887 Marienfeld
803 1822 941 1908 legimus
979 1844 1102 1887 meram

87 1909 186 1974 fuisse
220 1912 251 1974 et
281 1910 316 1974 in
346 1910 408 1975 hac
440 1931 566 1994 quoque
596 1932 631 1975 re
660 1914 825 1978 auctorem
853 1911 939 1996 quod
967 1911 1102 1976 carmini

88 2020 146 2064 suo
165 1999 333 2082 inscripsit
346 1997 557 2084 ‚,Sermones“
570 1999 744 2066 Horatium
762 2038 798 2048 —
817 2001 999 2066 sexcenties
1017 2001 1103 2065 enim

87 2087 259 2152 Amarcius
285 2087 416 2153 Horatii
442 2089 582 2174 vestigia
608 2091 729 2174 pressit
764 2126 803 2138 -
837 2091 1002 2155 imitatum
1032 2110 1103 2153 esse

87 2179 181 2259 pute,
208 2176 271 2239 nisi
294 2176 378 2241 forte
407 2182 538 2260 poetam
568 2179 712 2243 carmina
736 2199 795 2243 sua
818 2181 946 2244 saturas
970 2198 1103 2242 vocasse

89 2283 128 2326 ex
150 2262 301 2348 Hugonis
324 2264 430 2329 verbis
454 2286 573 2330 censes.

156 2351 327 2417 Materiam
351 2352 492 2417 carmine
516 2352 718 2418 tractandam
740 2354 911 2418 Amarcius
937 2354 1036 2438 elegit
1058 2353 1105 2416 in-

89 2440 303 2524 deficientem,
326 2462 399 2506 cum
422 2441 591 2506 hominum
611 2464 686 2507 suae
706 2443 825 2508 aetatis
845 2445 966 2507 statum
986 2463 1104 2507 mores·

162 2635 188 2701 1)
221 2633 347 2689 Anselrni
374 2637 455 2704 gesta
483 2652 545 2706 epp.
573 2636 719 2692 Leodiens.
748 2653 772 2690 c.
800 2640 836 2689 44
864 2634 924 2705 (SS.
952 2633 1017 2703 VH,
1040 2638 1104 2705 216)

91 2702 132 2759 Ea
149 2706 320 2775 tempestate
334 2705 437 2762 Iudeus
454 2706 569 2776 quidam
588 2708 618 2760 in
636 2708 697 2762 arte
715 2706 872 2762 medicinae
891 2706 1057 2777 praecipuus
1077 2711 1106 2762 et

90 2776 126 2830 ob
158 2775 212 2831 hoc
245 2776 360 2846 quidem
391 2777 556 2848 imperatori
589 2778 734 2834 Cnonrado
767 2779 835 2834 satis
870 2780 1002 2848 acceptus
1035 2820 1041 2832 .
1066 2822 1072 2834 .
1097 2820 1103 2831 .

90 2846 156 2914 a)l.
175 2847 193 2899 1.
213 2865 240 2916 p.
260 2854 302 2903 1⁷.
412 2851 438 2917 3)
457 2865 493 2904 an
513 2847 650 2919 Spirensis
670 2848 833 2921 episcopus?
871 2848 925 2903 Sed
948 2851 1015 2904 tunc
1034 2850 1105 2903 tem·

91 2916 168 2983 poris
192 2917 316 2985 praefuit
335 2918 461 2988 Spirensi
483 2919 619 2974 ecclesiae
639 2919 781 2990 Sigibodo.
818 2921 947 2977 Fortasse
967 2919 1105 2975 Patricius

91 2984 147 3041 fuit
165 2986 251 3042 abbas
269 2988 416 3057 Spirensis.
490 2993 517 3060 4)
537 2991 558 3061 Ι,
578 2996 593 3045 5

219 3056 249 3111 Si
267 3075 400 3129 magnum
419 3062 448 3116 11
466 3079 554 3132 parva
571 3062 670 3121 iuvant
688 3065 742 3120 hoe
761 3063 858 3133 excipe
878 3078 990 3118 carmen

122 3220 124 3225 ’
219 3199 329 3255 Oblitus
347 3204 442 3278 tenere
462 3205 537 3274 quod
555 3204 713 3274 pubertatis
731 3207 859 3262 alumnus

271 3271 396 3327 Confisus
415 3275 527 3332 domino
547 3277 647 3350 celitus
666 3295 750 3332 ausus
770 3292 854 3331 eram.

95 3358 161 3428 o)1‚
181 3365 197 3414 3
221 3360 259 3414 Ut
282 3378 344 3415 cum
368 3377 500 3433 corporea
523 3382 635 3435 superes
658 3364 787 3421 albedine
807 3380 921 3434 cygnos.
1021 3365 1048 3432 6)
1071 3363 1106 3418 cf.

93 3429 241 3486 Menkonis
260 3432 355 3486 chron.
378 3434 462 3503 (Mon.
482 3434 573 3491 Germ.
593 3436 645 3493 SS.
664 3435 763 3504 XXIII,
783 3437 847 3506 524)
865 3436 1001 3492 Auroram
1021 3433 1106 3490 Sedu-

93 3499 164 3556 lium
185 3500 356 3575 receperam
375 3507 404 3560 et
422 3505 526 3563 similia
545 3551 551 3564 .
569 3551 574 3563 .
590 3549 618 3561 ..
639 3508 833 3564 conscriberet.
