2468 3826
137 118 179 183 78
504 117 612 173 SEXTI
628 116 781 172 AMARCH

135 281 240 367 Reges
263 302 341 366 ergo
364 280 442 346 boni
466 280 639 345 venerandi
663 284 695 344 et
718 283 793 344 sunt
815 279 980 362 imitandi,

81 392 121 433 osa
135 371 284 436 Perversi
306 392 373 435 non
397 373 473 433 sunt
495 368 659 451 imitandi,
682 369 737 432 sed
761 369 941 433 venerandi.

135 458 231 525 Talia
251 458 463 543 principibus,
508 457 577 522 Vos
600 459 690 541 ipsos
712 456 835 521 reddite
858 455 999 523 Christo.

136 546 170 613 Si
194 547 273 632 quid
295 547 472 612 subdiacon
495 546 548 611 vel
571 546 710 610 aoolitus
734 550 791 609 aut
813 547 915 610 eciam
938 548 1007 631 ille,

135 634 197 702 Oui
218 635 362 702 nondum
384 635 502 700 tribuit
522 634 705 698 benedictio
731 640 844 699 saneto
866 657 1035 721 eoronam,

134 724 180 790 Et
201 729 312 790 tamen
335 726 467 790 inbutus
491 723 584 788 libris
608 721 804 806 Christoque
828 724 968 809 dicatus,

81 836 122 876 oso
136 813 244 898 Turpe
268 818 398 898 gerunt,
421 813 524 878 vetita
546 833 612 875 non
635 815 685 875 est
708 835 727 876 a
750 816 841 894 parte
864 813 1059 880 trahendum

134 901 313 986 Exemplar
336 902 410 986 vite.
456 900 558 965 Deoet
580 905 617 964 ut
639 901 712 964 sitis
736 922 895 965 memores
920 902 1006 984 quod

134 990 267 1057 Maioris
291 1013 417 1075 semper
440 989 571 1074 gravius
595 988 714 1053 delicta
736 992 901 1054 notantur.
909 987 933 1074 ¹)

136 1079 295 1145 Omnibus
319 1085 388 1144 este
411 1079 516 1144 modis
539 1078 638 1161 aauti3
664 1077 886 1162 quodcumque
910 1079 1032 1144 docetis

137 1167 294 1251 Quodque
316 1168 428 1252 agitis,
452 1189 549 1231 eausa
571 1167 706 1249 perfecti
728 1167 786 1230 fiat
809 1168 939 1233 amoris.

83 1277 122 1318 ooo
136 1255 199 1321 Hio
223 1277 315 1321 amor
338 1260 388 1320 est
411 1277 475 1321 nou
498 1255 687 1339 presbiteris
711 1254 881 1321 dumtaxat
904 1256 1087 1345 habendus,

137 1343 199 1409 Sed
223 1344 330 1410 ounoti
354 1366 429 1409 vero
454 1343 571 1407 debent
594 1344 628 1407 in
652 1365 761 1407 amore
784 1344 895 1409 fideles

136 1433 266 1516 Vivere3
290 1453 387 1498 verus
411 1454 503 1498 amor
525 1453 591 1496 non
613 1431 705 1497 novit
727 1431 840 1497 rodere
863 1435 1091 1517 quemquam.“

393 1556 570 1641 Explicit
593 1554 709 1621 Liber
731 1559 885 1621 tercius,

416 1953 540 2024 Incipit
564 1954 686 2020 [Liber]
712 1958 864 2024 quartus.

262 2083 305 2153 (I.)
329 2083 368 2139 Do
388 2095 419 2139 oo
438 2082 510 2152 quod
528 2082 597 2139 idos
616 2084 677 2140 sino
695 2085 825 2155 oporibus
844 2086 954 2141 mortua
972 2086 1019 2141 sit.

137 2210 210 2278 Huc
234 2235 336 2297 usque
360 2211 550 2298 Eufronius3
575 2212 670 2277 docto
694 2216 807 2296 parete
831 2213 989 2297 magistro

138 2300 291 2386 Quisquis
315 2300 448 2386 ubique,
474 2302 542 2365 viri.
587 2299 662 2366 Non
686 2324 804 2385 parvus
828 2301 945 2366 federis
970 2301 1047 2366 almi

139 2388 188 2455 Sit
211 2391 315 2455 cultus
340 2390 446 2471 vobis,
469 2389 555 2473 quod
579 2390 718 2473 epistola
741 2412 832 2454 soora
855 2390 1011 2455 iohannis

139 2477 288 2563 Undique
312 2478 518 2544 commendet
540 2477 722 2561 fratresque
746 2478 894 2543 hortatur
918 2475 1068 2564 amare.²)
1092 2523 1098 2528 -

111 2562 201 2631 ised
224 2567 327 2651 dives,
349 2568 470 2632 multas
494 2567 546 2632 oui
568 2566 674 2630 reddit
696 2568 817 2630 tribula
840 2569 958 2652 glotes,

138 2652 197 2720 Oui
222 2656 339 2738 spretis
363 2656 501 2721 cumeris
523 2660 613 2719 tenet
636 2676 710 2719 area
734 2656 837 2719 multa
860 2657 1034 2738 medimna,

138 2743 246 2826 Atque
270 2741 506 2830 ohorosbatis³)
532 2745 573 2808 ad
596 2765 741 2808 mensam
766 2744 842 2808 vina
864 2744 1024 2827 feruntur,

138 2829 173 2896 Si
196 2831 290 2896 fratri
315 2830 412 2894 durus
437 2853 496 2895 sua
519 2832 641 2896 viscera
664 2831 785 2897 claudit
809 2834 930 2917 egenti,

138 2920 199 2984 Ille
221 2919 333 3003 procul
357 2918 453 2984 dubio
476 2920 573 3003 longe
596 2925 647 2984 est
670 2921 710 2985 ab
736 2943 844 2986 amore
868 2919 1021 2986 tonantis.

99 3029 124 3068 ιο
137 3008 238 3095 Regis
262 3004 464 3094 apostatici4)
488 3007 626 3072 famulas
650 3007 853 3093 famulosque
877 3010 1020 3074 tonantis

210 3188 262 3237 964
282 3199 304 3236 c.
323 3183 472 3238 vetuendi
489 3187 555 3239 aunt
577 3189 601 3238 et
680 3187 731 3237 957
750 3183 801 3238 sub
820 3184 920 3239 diacon
998 3199 1021 3237 o.
1041 3183 1154 3253 Incipit

138 3261 253 3323 quartos
326 3260 341 3308 7
362 3271 384 3309 o.
404 3254 497 3310 otoros
517 3294 523 3306 .
543 3255 614 3310 batis
693 3258 726 3307 10
745 3270 767 3309 o.
787 3255 941 3324 apostatari

139 3364 350 3375 ——---

191 3418 238 3495 .¹)
257 3413 380 3469 luvenel.
399 3412 473 3481 vili,
495 3419 545 3469 140
556 3432 595 3484 sq.
651 3417 678 3484 i)
698 3418 712 3466 1
732 3414 790 3469 Ioh.
810 3419 836 3481 2,
856 3418 897 3468 10.
957 3415 984 3483 3)
1004 3438 1038 3459 ==
1053 3412 1151 3468 choro·

138 3480 212 3539 butus
284 3487 311 3552 4)
332 3482 424 3540 Sedul.
445 3482 473 3540 C.
493 3484 523 3539 P.
542 3485 575 3553 V,
595 3492 655 3543 3'it.
