2468 3826
504 150 611 205 LIBER
629 150 676 206 IV.

84 311 251 379 Lucanum
275 314 434 378 celebrem
459 313 595 397 faciunt,
620 313 771 377 laudatur
793 313 967 398 Opheltem

85 400 212 468 Stacius
236 404 386 468 evolvens
410 403 590 486 devotaque
613 401 714 485 prelia
737 402 864 486 Dirces,

83 490 130 556 Et
152 491 248 556 Marii
270 492 413 556 referens
436 493 589 556 virtutem
612 494 783 574 astumque
805 490 974 578 Iugurthe.

84 581 144 665 Te,
167 581 258 663 deus,
282 584 315 646 et
338 581 481 646 calamus
505 602 595 645 meus
619 584 651 644 et
674 601 747 643 mea
769 580 884 664 lingua
905 583 1054 647 resultat.
1113 601 1153 643 rso

84 669 148 734 Sed
170 670 276 734 titubo
282 720 291 753 ,
314 692 378 754 qua
400 691 479 734 voce
503 690 629 753 canam,
652 691 716 752 qua
738 675 847 733 mente
870 692 993 735 sacrem
1016 672 1072 737 te?

84 757 209 842 Quippe
233 759 374 843 anguina
396 758 483 823 notis
506 757 615 822 fauces
639 758 818 842 corrumpit
841 760 956 825 obesas

84 845 239 931 Squalida
263 847 379 911 virosis
403 847 508 931 prisce
533 850 566 911 et
589 846 750 930 rubiginis
774 848 840 911 urit

83 936 200 1002 Pectus
225 934 380 1001 condicio.
427 933 550 1000 Contra
572 935 633 999 tibi
657 934 863 1018 celicolarum

84 1023 252 1090 Concentu
274 1046 355 1106 puro
379 1023 522 1107 gaudent
544 1023 681 1088 iubilare
705 1027 846 1108 caterve,
1052 1069 1063 1083 -.
1112 1043 1152 1084 ess

39 1127 41 1132 ’
84 1113 148 1177 Ter
171 1112 410 1196 proclamantes
434 1113 475 1177 ob
499 1112 586 1176 trina
608 1112 777 1178 vocabula:
801 1111 948 1181 Sanctus.

83 1200 242 1266 Attamen
266 1200 328 1265 hoc
350 1201 471 1287 figmen
494 1205 551 1266 tua
575 1201 660 1285 quod
684 1224 798 1268 manus
823 1202 996 1289 effigiavit,

83 1289 220 1374 Respice
244 1311 295 1354 me
319 1292 473 1376 clemens,
496 1312 662 1375 ysopoque
687 1313 823 1377 asperge
846 1293 957 1377 tuique
980 1331 1025 1341 -

82 1378 205 1464 Magna
227 1382 304 1462 peto
331 1416 369 1426 —
396 1379 499 1444 civem
523 1381 564 1444 da
587 1381 637 1443 vel
660 1380 830 1444 minimum
854 1380 924 1446 fore
947 1384 1053 1467 regnil

83 1466 187 1533 Credo
211 1467 297 1551 quod
320 1472 357 1532 ut
379 1467 488 1532 reduci
511 1490 602 1532 meus
627 1467 823 1550 ecclesieque
846 1470 1032 1554 redemptor
1112 1489 1152 1529 490

84 1554 188 1621 Carne
211 1555 388 1619 resurrexit
410 1577 484 1619 vere
507 1553 659 1638 palpatus
683 1555 858 1638 edensque,

83 1643 137 1710 Sic
161 1664 222 1729 ego
247 1643 285 1706 de
308 1645 395 1706 terra
417 1643 558 1707 recidivo
582 1664 716 1726 corpore
740 1664 871 1728 surgam

83 1732 187 1816 Inque
211 1753 296 1812 mea,
320 1753 383 1815 qua
407 1752 504 1795 carne
527 1730 622 1795 modo
646 1735 754 1816 tegor,
778 1736 854 1796 ante
876 1733 1021 1799 tribunal

84 1819 208 1886 Christi
232 1819 325 1885 stabo
350 1820 430 1884 meis
454 1819 492 1884 de
515 1819 610 1885 factis
635 1819 862 1886 discutiendus.
1001 1820 1004 1824 ’

84 1908 187 1974 Credo
212 1909 298 1994 quod
322 1909 484 1992 extremis,
506 1909 587 1974 tuba
610 1909 738 1993 quando
761 1909 941 1976 novissima
960 1912 1098 1999 clanget,
1111 1930 1151 1972 495

82 1999 266 2064 Prodibunt
289 2020 306 2062 e
330 1998 509 2083 sacrofagis
533 1997 701 2063 hominum
726 2020 814 2082 ossa,
838 2000 923 2084 quod
947 2022 1057 2066 amnes

84 2088 178 2165 Quod
200 2109 336 2171 rapuere
358 2087 441 2170 fere,
465 2086 612 2171 quodque
636 2087 719 2150 ussit
741 2087 881 2172 flamma,
904 2089 1037 2174 redibit,

82 2177 195 2241 Preter
218 2196 291 2239 cum
314 2173 445 2239 Christo
470 2176 524 2258 qui
548 2175 725 2239 surrexisse
749 2176 909 2260 leguntur.

84 2262 186 2329 Credo
211 2263 297 2346 quod
320 2264 386 2346 vite
409 2263 533 2326 fuerint
555 2263 747 2347 quicumque
770 2265 919 2348 perennis

82 2351 277 2435 Participes,
299 2351 389 2414 nulla
412 2372 484 2416 cum
508 2350 678 2416 debilitate
701 2352 864 2437 redibunt,
1110 2372 1151 2413 500

83 2439 226 2516 Quorum
251 2461 330 2525 grex
352 2443 389 2503 ut
413 2440 461 2504 sol
484 2439 606 2504 nitidus
630 2441 839 2506 comitabitur
862 2462 981 2526 agnum

84 2528 250 2611 Gaudens,
273 2532 308 2593 et
328 2528 483 2613 reprobos
508 2532 638 2612 eternus
662 2530 775 2613 puniet
797 2531 891 2615 ignis.

82 2619 172 2698 Tunc
195 2640 262 2683 non
284 2639 336 2682 me
361 2615 500 2701 Stigiam
521 2617 774 2683 circumversare
798 2617 963 2704 Caripdim

81 2706 272 2789 Permittas,
295 2727 398 2790 neque
422 2706 596 2789 predonem
621 2707 751 2771 sorbere
774 2707 946 2792 minacem,

84 2793 144 2859 Sed
167 2796 288 2879 pictate
311 2798 369 2859 tua
392 2795 516 2859 meritis
540 2798 721 2878 prestant[e
745 2797 937 2882 sacrisque,]
1110 2814 1150 2856 5ο5

84 2881 155 2958 Qua
176 2883 291 2948 Ionam
313 2884 398 2948 vasti
421 2882 559 2966 rapuisti
581 2884 695 2967 pis[cis
720 2885 760 2949 ab
785 2885 886 2970 alv0,]

83 2970 262 3037 Leviathan
285 2972 407 3056 patulis
430 2993 507 3056 rape
530 2995 581 3036 me
605 2973 644 3037 de
669 2973 830 3054 [faucibus
855 2978 964 3059 atque]

83 3057 218 3126 Sedibus
242 3060 315 3125 inde
338 3061 418 3143 tuis,
442 3059 498 3125 ubi
521 3060 619 3147 digna
640 3062 702 3127 tibi
727 3063 797 3129 sine
820 3065 882 3126 line

82 3147 235 3215 Carmina
257 3151 379 3214 vocalis
402 3150 563 3214 iustorum
587 3152 697 3217 concio
720 3152 844 3236 pangit.
963 3167 965 3171 ’

153 3344 205 3395 481
225 3357 248 3396 c.
267 3341 348 3396 titulo
366 3358 437 3397 corr.
457 3342 593 3397 Herschel
663 3347 716 3398 487
734 3343 851 3412 figulum
868 3341 1005 3399 Herschel
1023 3343 1095 3400 falso

80 3417 133 3467 495
145 3428 167 3466 c.
179 3417 216 3483 qn
225 3427 246 3466 n
254 3410 330 3483 prius
340 3429 367 3467 m
422 3418 473 3467 496
485 3430 507 3467 c.
518 3414 681 3483 esorcosopis
735 3430 758 3469 c.
769 3414 882 3484 explicit
892 3415 960 3471 liber
969 3415 1097 3472 Amurcii

487 3571 687 3592 ..ψ-.-
