2468 3826
505 164 611 221 SEXTI
629 164 782 221 AMARCII

301 388 425 460 Incipit
446 390 534 446 liber
556 391 687 462 primus
711 389 806 448 sexti
827 391 984 448 Amareii.

168 518 210 589 (Ι.)
234 518 367 588 Epilogus
386 520 420 575 ue
438 519 596 576 virtutibus
614 505 727 590 patrum
745 521 775 576 et
792 520 980 590 posteriorum
997 522 1121 593 viciis.¹)

135 644 236 722 Quem
260 646 311 711 bis
333 651 497 732 natorum,
521 649 620 712 semel
644 669 683 711 ex
706 647 875 732 genitrice,
898 649 1035 714 secundo

135 734 313 800 Pneumate
337 735 375 800 de
400 739 518 800 sancto
495 735 630 820 oregni
653 735 783 800 celestis
808 758 931 820 amore,

95 841 122 882 ιι
137 822 319 909 Corrugare
343 845 514 910 genas
447 822 473 910 )
498 827 531 888 ι
553 845 607 888 eas
631 844 843 908 conspergere
867 825 944 889 fletu

133 911 209 978 Non
232 914 356 992 deceat,
380 913 464 997 quod
488 935 548 999 que
571 912 735 998 quondam
758 913 939 978 fortissima
962 911 1105 1001 pugna⁵)

133 1001 247 1067 Virtut
194 1005 302 1067 tutum
327 962 443 1067 stravit
464 1001 640 1066 munimine
664 1023 775 1066 rursus
799 1002 833 1067 in
855 1001 932 1068 hest
917 1006 966 1068 tes

134 1088 316 1155 Surrexisse
341 1112 432 1154 sacro
456 1089 513 1154 let'
489 1094 596 1175 traque
619 1090 727 1175 vigere
740 1090 925 1213 triumphis

132 1177 194 1242 Fat
180 1181 278 1262 taque
300 1177 473 1242 victricum
496 1179 580 1242 vicia
602 1175 767 1262 irridere4)
792 1179 959 1244 videmus?

91 1266 163 1329 eoA
186 1269 315 1349 patrum
338 1264 407 1329 vita
429 1268 557 1329 tanturn
581 1265 703 1329 distare
726 1265 886 1348 videmur,

132 1353 270 1419 Occasus
294 1356 451 1437 quantum
474 1353 622 1418 rutilanti
645 1353 746 1418 distat
768 1353 809 1418 ab
834 1358 918 1418 ortu.

132 1440 222 1508 Cana
244 1462 404 1507 venenose
429 1462 541 1506 secura
563 1441 707 1506 libidinis
731 1445 801 1507 etas

103 1594 107 1602 ,
130 1530 274 1596 Lumboe
298 1530 494 1596 constrinxit
516 1552 597 1596 zona
621 1531 784 1597 succincta
807 1530 937 1615 pudica,

131 1619 177 1684 At
199 1641 259 1685 noe
283 1619 430 1685 hircosus
453 1619 545 1685 molli
569 1619 783 1686 oblectamine
806 1620 912 1684 flatue.

89 1728 116 1769 ss
129 1708 306 1773 Ructantes
331 1731 425 1773 aures
449 1708 663 1774 suffundimue
687 1711 783 1794 atque
807 1709 921 1774 canino

129 1795 192 1861 Ore
216 1796 450 1876 remordemus3
473 1801 564 1862 tento
587 1798 746 1882 inspicere
771 1802 846 1862 aiira
870 1797 953 1862 oollo

128 1884 191 1949 Est
215 1905 318 1968 amor,
343 1887 376 1948 et
399 1885 514 1968 cupido
537 1907 686 1951 nummos
711 1885 866 1950 abradere
889 1888 1009 1950 rostro:

128 1973 215 2037 Illud
240 1994 329 2038 more
353 1974 468 2075 gruis&
479 1973 542 2039 hoc
565 1975 653 2038 corvi
676 1994 766 2038 more
789 1973 925 2039 voracis

129 2061 324 2127 Inservire
314 2062 394 2127 oecis
419 2063 525 2127 avium
548 2062 685 2128 libetet
707 2061 903 2144 catulorum,

88 2150 175 2216 ιοΕι
160 2155 282 2216 tvana
305 2151 418 2216 extolli
441 2171 622 2216 scurrarum
645 2150 740 2215 laude
763 2149 945 2233 vafrorum,

129 2240 386 2324 Turbidulasque
393 2237 420 2326 ⁵)
443 2240 548 2304 modis
571 2239 671 2305 variis
695 2260 886 2323 conpescere
910 2261 1011 2304 ouras

128 2329 220 2395 Inter
243 2328 418 2394 avariciam
442 2332 555 2393 consta
556 2332 570 2393 t
593 2328 646 2392 via
669 2328 909 2414 luxuriamque,

129 2415 234 2493 Quam
256 2439 329 2482 raro
352 2417 506 2482 incultam
533 2453 575 2463 —
598 2437 738 2500 namque
761 2417 814 2481 his
839 2416 949 2481 divina
972 2416 1105 2481 volunta
1071 2420 1122 2480 tas

129 2504 233 2570 Grata
255 2505 331 2588 fuit,
353 2526 414 2571 neo
438 2527 492 2570 eos
517 2504 640 2569 domini
662 2508 816 2588 precepta
839 2508 1017 2588 gravarent
1037 2540 1074 2550 -

198 2720 233 2769 ιι
247 2716 408 2796 pneumate]
426 2733 447 2770 ιι
466 2713 683 2784 superscriptum
745 2718 779 2768 ι6
794 2713 856 2794 qao]
872 2710 940 2766 olim
954 2729 1015 2782 quc,
1034 2729 1143 2769 erasum

126 2786 191 2840 33
183 2803 212 2839 ιιι
234 2784 360 2914 margine
384 2786 515 2842 inferiora
538 2786 672 2856 leguntur
692 2783 801 2839 librarii
829 2800 913 2838 manu
942 2783 1059 2854 scripta:
1088 2784 1142 2840 Sco

121 2914 169 2980 pet
187 2909 317 2991 elaeodes
334 2884 361 2964 oio
380 2909 489 2979 (sancto
502 2908 585 2965 Petro
599 2909 758 2966 Alexander
772 2907 937 2978 monachus)
996 2913 1031 2963 40
1050 2909 1142 2978 cofro-

124 2998 187 3036 suos
205 2980 236 3034 in
253 2996 351 3036 rasura
422 2985 527 3035 43-6ι
548 2981 590 3034 ed
610 2979 782 3036 Hereehell.
802 2980 822 3035 l
840 2997 868 3049 p.
889 2985 922 3034 93

197 3179 223 3246 1)
252 3176 287 3230 cf.
312 3193 374 3230 cum
397 3174 451 3228 hac
474 3171 607 3228 carminis
630 3173 711 3242 parte
734 3173 820 3228 verba
842 3173 1004 3228 Anselmi
995 3193 1024 3255 rm
1051 3172 1140 3243 gestis

124 3247 318 3316 episcoporum
336 3245 479 3300 Leodiene.
495 3261 517 3298 c
532 3249 567 3298 ι3
581 3243 667 3310 (Mon.
684 3243 716 3298 G.
732 3245 778 3299 SS.
794 3243 846 3298 VII
848 3246 947 3313 ,ι·05)
968 3243 1023 3299 osi
1037 3245 1140 3298 nostris

122 3319 201 3444 tm
202 3317 300 3456 llll,
315 3319 479 3457 lfftalum
497 3287 1139 3467 ⁵⁰33⁵tmttntlt²salmati

122 3465 151 3525 4)
172 3460 207 3514 of.
246 3476 286 3513 ac.
303 3458 395 3514 Germ.
411 3463 444 3514 19
462 3456 553 3514 Nemo
573 3458 647 3512 enim
661 3457 720 3512 illic
736 3457 806 3512 vitia
819 3455 901 3511 ridet
958 3458 984 3525 o)
1004 3457 1038 3511 cf
1053 3457 1140 3512 Prud.

119 3528 225 3597 Apoth.
244 3534 304 3584 208.
