2468 3826
134 138 178 203 22
505 137 611 192 SEXTI
630 135 783 192 AMAROII

133 301 288 367 Promisit
309 302 408 383 lator,
433 322 528 385 quem
551 288 696 365 clausum
719 300 755 364 in
778 299 912 384 virginis
936 296 1076 385 alvum¹)
1196 349 1199 355 .

106 390 317 455 5Venturum
340 389 447 454 David
469 390 582 474 typica
604 389 733 454 ratione
757 388 944 472 spopondit,

134 478 179 544 Ut
202 479 315 562 pluvia
338 479 372 542 in
394 479 497 544 vellus
522 478 693 544 descendet
716 482 749 543 et
771 481 808 541 ut
830 499 926 561 super
948 477 1084 542 herbam

133 567 201 632 Ros
226 568 331 652 cadet,
354 568 451 651 inque
475 568 543 632 eius
566 590 630 652 pax
654 589 751 631 aurea
773 569 919 650 tempore
942 563 1039 652 fieti)

134 657 224 721 Tunc
248 677 326 741 gens
351 678 475 741 queque
498 661 582 721 teret
604 655 757 721 reseratis
781 655 852 720 ocia
875 656 993 739 portis,

132 744 289 810 Vestibus
313 745 432 810 amotis
455 745 552 810 urbes
576 749 609 810 et
632 749 740 810 castra
762 744 935 828 patebunt,

94 851 119 890 1⁰
133 833 173 898 In
196 838 266 900 toto
291 833 511 899 dominabitur
534 834 611 898 orbe
633 838 750 918 potens
775 837 809 898 et
832 833 873 897 ab
897 831 988 896 Indis

132 923 288 988 Extorres
312 923 441 1008 penitus
464 923 616 1006 regnabit
639 922 680 987 ad
703 943 803 1008 usque
826 920 1027 987 Brittannos.

39 1072 41 1077 .
132 1011 212 1075 Eius
236 1013 425 1097 inaspectu
449 1033 528 1097 gens
552 1011 698 1095 procidet
719 1010 903 1100 Ejthiopum
927 1014 1023 1093 atque

131 1100 344 1184 Parthorum,
369 1104 401 1165 et
422 1100 532 1164 nullus
556 1100 657 1164 stabit
680 1099 861 1164 contrarius
885 1098 947 1181 illi3

132 1188 305 1253 Adducent
328 1192 361 1251 et
385 1209 465 1270 quos
490 1189 655 1271 spaciosus
679 1188 822 1252 continet
846 1187 934 1252 orbis

93 1294 118 1334 15
133 1277 238 1361 Reges
264 1277 493 1360 atqueduces,
515 1276 567 1340 illi
590 1298 648 1340 sua
672 1276 757 1340 colla
780 1279 928 1340 verenter

130 1364 291 1448 Flectent,
314 1368 348 1429 et
371 1368 484 1448 gentes
509 1364 639 1430 credent
661 1365 696 1429 in
711 1386 792 1433 ,eum
816 1364 912 1428 simul
936 1385 1055 1431 omnes.

129 1453 202 1519 Hoc
226 1454 323 1519 etiam
346 1453 492 1538 psalmus
515 1457 609 1518 notat
632 1453 697 1538 hic,
721 1454 776 1536 qui
799 1453 964 1537 proximus
989 1456 1076 1518 astat
1159 1516 1162 1522 .

128 1542 210 1608 Post
233 1547 359 1608 sextum
382 1543 555 1625 decimum,
579 1542 687 1607 divina
711 1542 767 1607 ubi
790 1564 852 1607 vox
875 1543 921 1607 ita
943 1539 1077 1629 fatur⁸):

130 1631 232 1708 Quem
255 1655 321 1697 non
345 1632 496 1717 cognovi,
519 1632 658 1717 populus
683 1631 803 1697 servire
826 1631 908 1695 mihi
933 1634 1027 1715 atque

90 1738 116 1778 20
130 1719 229 1785 Auris
252 1721 287 1784 in
311 1721 422 1786 auditu
445 1743 559 1805 parere
583 1721 688 1786 libens
712 1721 906 1804 properavit.

131 1806 194 1873 Sed
217 1808 389 1891 quitfilioli
411 1810 539 1873 fuerant
562 1810 656 1891 mihi,
678 1831 764 1874 nunc
787 1809 884 1873 alieni

129 1897 259 1962 Mentiti
283 1897 363 1960 mihi
387 1902 462 1962 sunt
486 1900 518 1960 et
541 1898 690 1962 sordibus
713 1897 888 1961 inveterati

130 1984 272 2050 Omnino
296 1986 402 2049 claudi
426 2007 552 2050 cessare
577 2008 596 2050 a
619 1985 751 2050 tramite
775 1985 852 2051 veri.
954 2043 958 2049 .

130 2073 212 2140 Cum
236 2074 366 2139 domino
388 2074 553 2159 ,quondam
576 2073 675 2139 Iacob
699 2073 884 2158 patriarcha
905 2073 1020 2138 beatus
1100 2142 1102 2146 ,

90 2179 115 2220 2⁵
129 2161 262 2229 Luctari
287 2183 461 2250 aggressus
484 2186 584 2230 nervo
609 2163 788 2249 crepitante
811 2163 945 2227 recessit
974 2176 979 2185 “

131 2250 286 2337 Claudus,
308 2255 551 2336 premonstrans
576 2253 636 2317 sub
660 2253 802 2336 imagine
826 2251 945 2334 carnis,
968 2250 1105 2335 Hebrei‚

103 2339 282 2420 ,Errorem
307 2343 423 2407 vestris
446 2343 481 2406 in
504 2341 654 2406 cordibus
678 2363 747 2406 esse
769 2341 925 2405 futurum.

129 2428 215 2494 Nam
230 2452 302 2494 curn
319 2431 440 2514 scripta
458 2435 588 2514 patrum
607 2429 880 2494 sacravobiscum
896 2432 1014 2499 strata
1032 2430 1145 2494 vatum

129 2516 256 2602 Pagina
279 2519 455 2599 luctentur,
479 2540 544 2583 non
567 2519 666 2583 vultis
691 2519 831 2601 credere,
855 2515 1021 2582 Christum

91 2623 118 2662 30
130 2603 282 2686 Venisse,
304 2605 402 2690 inque
425 2607 487 2672 fide
510 2606 628 2671 Iudeus
653 2605 811 2671 claudicat
834 2627 955 2670 amens.

130 2692 202 2757 Iam
225 2692 356 2758 tandem
381 2695 454 2758 fidei
477 2696 606 2780 callem,
629 2694 740 2774 Iudee,
764 2695 928 2779 requirens

132 2780 298 2847 Christum
321 2782 414 2846 erede
437 2788 492 2866 tue
516 2806 614 2849 causa
637 2781 804 2850 advenisse
828 2782 958 2866 salutis,

132 2869 247 2955 Crede,
270 2870 382 2955 miser,
406 2871 491 2955 quod
515 2873 560 2937 sit
582 2874 724 2958 genitori
746 2873 840 2938 filius.
887 2872 954 2936 Aut
977 2892 1033 2936 cur

202 3105 220 3154 4
239 3117 262 3154 c.
281 3099 414 3155 Promisit
432 3115 487 3153 non
505 3097 608 3153 Amisit
625 3100 657 3152 ut
675 3097 745 3152 Biid.
764 3097 835 3168 legit
917 3105 933 3153 6
952 3099 1049 3171 velius]
1068 3099 1148 3154 tellus

131 3168 201 3225 Buu.
225 3170 297 3224 falso
379 3176 413 3224 15
436 3169 568 3240 amenter]
596 3175 713 3224 ementes
732 3168 801 3224 Biid.
823 3169 895 3225 falso
991 3176 1026 3225 20
1045 3169 1144 3241 Auris]

131 3242 212 3296 duris
228 3240 299 3294 Bau.
317 3241 390 3296 falso
497 3246 530 3295 22
549 3241 617 3296 mibi
634 3239 747 3295 suntin
765 3255 819 3294 ras.
923 3245 957 3296 23
977 3257 1000 3294 c.
1019 3242 1148 3296 atramite

130 3455 166 3558 4-4-
202 3436 237 3558 PG
254 3434 338 3492 Prud.
357 3436 461 3505 Apoth.
483 3440 540 3491 106.
614 3439 641 3504 2)
665 3435 739 3491 Psal.
760 3441 803 3506 71,
823 3440 888 3503 tsq.
934 3433 1147 3507 ·3)Psal.17,
