2468 3826
507 185 617 277 mnne
634 185 668 243 Il.

84 350 188 427 Quem
212 349 360 432 strophio
384 348 517 414 donavit
540 348 622 432 ovis,
645 369 762 432 pavere
785 348 919 414 locuste.

81 437 152 514 Quo
176 438 360 521 baptizatus
383 436 517 501 detersit
540 437 676 502 crimina
698 439 826 519 nostra,
1124 453 1151 494 95

81 527 156 613 Ipse
179 549 292 592 carens
316 526 433 591 menda
455 547 515 590 nec
536 530 670 610 peccato
694 526 816 591 oblitus
839 526 916 590 ullo.

82 615 166 692 Quin
190 619 223 680 et
246 616 287 680 ab
310 615 405 680 hoste
427 615 541 680 volens
563 615 719 699 temptari
742 636 803 679 nos
827 614 948 699 docuit,
971 636 1026 700 ne,

82 704 293 788 Temptamur
315 704 482 788 quociens,
505 704 623 768 dicioni
647 704 871 768 subieceamus

82 793 302 878 Temptantis,
326 793 381 857 sed
406 792 446 856 ab
470 791 592 857 illicitis
617 792 785 857 desideriis
808 814 868 856 nos

82 883 265 948 Flectentes
289 881 383 945 illum
405 881 564 964 pellamus
587 883 719 964 pectore
741 881 829 946 forti,
1112 899 1152 938 100

82 971 156 1055 Ipse
180 972 279 1035 etiam
303 992 366 1054 quo
390 991 450 1034 nos
475 969 613 1033 humiles
636 969 821 1054 faceretque
845 968 1020 1053 benignos,
1082 1047 1083 1050 Ἴ

84 1058 148 1135 Qui
172 1059 242 1124 solo
267 1060 397 1141 poterat
419 1060 501 1122 nutu
524 1058 671 1122 nocuisse
695 1059 872 1142 malignos,

84 1146 169 1213 Saxa
192 1148 410 1232 malignorum
432 1146 561 1230 fugiens
585 1169 619 1212 se
643 1147 812 1212 abscondit
835 1147 876 1211 ab
900 1146 979 1231 illis3

84 1236 334 1337 Discipulisque.
346 1235 444 1318 pedes
469 1236 582 1299 doctor
606 1236 710 1300 bonus
728 1234 839 1300 abluit
861 1236 948 1300 unde

83 1324 122 1389 In
145 1325 284 1408 pelvim
291 1324 391 1414 missa
413 1345 472 1388 nec
495 1323 610 1388 Iudam
634 1324 760 1408 excepit
782 1324 944 1410 iniquum3
1114 1340 1153 1381 105

83 1414 180 1478 Hunc
203 1435 349 1505 quoque
347 1407 524 1478 convivam
547 1412 620 1495 pius
643 1413 740 1496 inque
762 1414 935 1498 parapside
959 1433 1068 1478 secum

82 1501 221 1586 Tingere
244 1523 312 1566 non
335 1503 467 1566 rennuit
490 1501 625 1585 digitos,
648 1523 691 1602 pa
692 1503 807 1566 tientia
830 1503 925 1566 mira!

82 1588 164 1655 Post
186 1591 247 1673 hec
270 1613 289 1654 a
311 1590 406 1654 vobis
430 1589 549 1654 summi
574 1596 632 1672 pat
633 1591 678 1653 ris
701 1590 788 1654 host
763 1594 810 1653 tra
834 1611 904 1655 sese

84 1678 124 1743 In
148 1699 242 1743 cruce
265 1679 413 1762 permisit
436 1678 559 1761 perimi.
606 1678 749 1760 caput,
739 1679 841 1762 mpie‚
864 1677 942 1763 quid
963 1700 1048 1743 nunc

84 1763 275 1853 Quassas1),
299 1787 415 1849 nempe
440 1787 535 1830 cruor
557 1769 590 1830 te
614 1767 742 1830 credere
765 1789 831 1832 non
856 1766 934 1831 sinit
956 1767 1046 1832 eius?
1114 1785 1155 1824 11⁰

83 1854 218 1940 „Oedof‘
262 1855 325 1920 Tui
347 1855 476 1939 quando
499 1854 653 1919 Pharium
677 1853 790 1940 fugere
812 1858 1004 1940 tyrannum,

82 1945 247 2010 Mercibus
270 1944 409 2009 infestas
432 1943 522 2029 prius
545 1945 667 2009 evitare
691 1949 833 2010 cerastas

81 2034 170 2100 Num
192 2037 325 2118 potuere
348 2038 473 2117 patres,
496 2055 593 2117 quam
617 2038 798 2117 serpentem
824 2055 877 2117 ere
899 2034 1038 2118 politum

82 2121 123 2186 In
146 2144 238 2187 cruce
261 2122 491 2207 prefixitt
417 2121 491 2187 duct
493 2121 552 2185 or?
598 2120 652 2187 Sic
674 2144 769 2186 nemo
793 2123 906 2188 licebit

84 2211 178 2275 Alter
200 2214 270 2274 erat
293 2209 440 2293 Moyses,
463 2211 597 2273 evadere
621 2210 724 2293 quivit
746 2232 815 2294 eos,
840 2211 895 2294 qui
1114 2226 1153 2268 115

84 2297 176 2363 Pulsi
201 2298 239 2362 de
263 2299 389 2381 superis
413 2297 565 2362 habitant
586 2297 751 2380 latebrosa
774 2298 921 2382 chelidri,

84 2388 196 2451 Donec
219 2387 306 2471 plect
292 2384 424 2450 tendum
448 2406 482 2449 se
505 2384 672 2449 tradidit
662 2408 698 2449 111
721 2407 813 2451 cruce
838 2347 997 2451 Christus.

84 2475 195 2560 thue
219 2476 298 2540 olim
320 2473 385 2539 Iezi
410 2475 525 2539 baculo
549 2496 699 2539 revocare
724 2475 887 2560 magistri,

85 2564 189 2641 Quem
213 2565 276 2630 sibi
299 2564 484 2629 defunctum
510 2561 688 2629 Sunamitis
710 2563 833 2628 femina
856 2563 985 2648 planxit

83 2652 161 2719 Non
184 2655 291 2738 potuit
313 2674 463 2738 puerum,
487 2652 589 2716 donec
611 2656 703 2717 vetes
726 2652 877 2717 Heliseus
1116 2671 1155 2711 120

83 2741 272 2808 Vivificavit
295 2739 415 2827 eum2),
439 2741 485 2806 sic
508 2745 636 2805 vestrae
660 2740 789 2826 virgula
812 2741 894 2827 legis

83 2829 161 2896 Non
183 2831 287 2896 valuit
309 2831 436 2895 salvare
459 2822 606 2893 homines
631 2829 691 2893 sub
714 2831 786 2915 lege
809 2833 993 2915 manentes,

85 2917 197 2984 Donec
220 2920 285 2983 iter
307 2918 428 2983 faciens
453 2918 559 2999 anime
584 2921 692 2982 custos
716 2918 946 3003 quadriformis

84 3005 208 3071 Nostra
231 3007 395 3091 coaptavit
418 3006 482 3070 sibi
504 3006 651 3071 membra
675 3007 753 3072 deus
777 3008 970 3092 stabuloque

85 3094 268 3180 inpositum
292 3095 432 3160 moriens
455 3095 620 3160 hominem
643 3095 681 3160 de
705 3096 796 3161 clade
820 3097 941 3162 levavit
1116 3111 1155 3151 12⁵

85 3183 298 3268 Seminecem,
323 3189 457 3268 septena
481 3183 531 3247 sui
554 3186 744 3249 munuscula
766 3185 863 3249 flatus

158 3380 209 3430 106
228 3392 251 3431 c.
271 3392 321 3431 con
339 3377 429 3431 ciuem
509 3382 560 3431 110
579 3394 602 3432 c.
624 3377 765 3448 quassans

158 3556 184 3623 1)
203 3553 286 3609 Prud.
306 3551 409 3623 Apoth.
431 3557 481 3608 576
492 3569 532 3622 sq.
614 3555 641 3622 2)
658 3557 676 3605 4
693 3551 764 3622 Reg.
782 3559 812 3620 4,
825 3558 875 3607 es.
