2468 3826
132 164 172 218 Vl
532 148 748 206 PRAEFATIO.

200 313 248 379 Ac
285 314 429 398 primum
468 313 596 398 quidem
634 313 735 378 codex
767 314 914 377 accurate
948 312 1148 379 describatur

134 424 266 467 necesse
287 406 343 468 est.
381 401 525 467 Amarcii
545 423 676 467 carmen
700 402 740 466 ab
765 423 828 466 una
852 400 1026 486 eademque
1049 425 1148 468 manu

133 495 302 556 exaratum
336 494 400 575 est,
432 512 528 575 quam
562 491 691 556 saeculo
719 489 810 555 XIII.
838 490 964 555 ineunti
992 490 1148 558 adscribo,

134 578 247 645 Priora
275 579 505 645 codicis-folia
531 580 685 644 librarius
714 580 832 644 iterum
855 579 973 664 relegit
995 580 1148 665 locosque

134 669 231 734 solito
265 668 419 752 pallidius
452 668 592 751 scriptos
626 669 768 754 nigriore
806 669 928 733 oblevit
965 672 1147 736 atramento

133 779 159 821 e.
179 779 209 842 g.
232 757 288 822 fol.
307 759 348 822 4³
368 759 389 823 l.
410 759 437 823 7.
458 757 510 822 24.
529 756 582 822 25.
601 757 653 822 31.
677 757 729 822 32.
753 757 805 821 36.
847 754 998 822 Ceterum
1018 780 1148 824 carmen

134 845 298 911 difficilius
318 846 485 911 intellectu
504 846 577 930 fuit,
595 867 692 930 quam
711 849 747 911 ut
763 845 916 910 librarius
932 868 1042 912 omnes
1057 848 1147 913 locos

133 939 240 999 mente
264 931 550 1021 conprehendunt,
574 956 673 1019 quam
697 935 738 999 ob
761 956 829 998 rem
852 935 934 1000 haut
956 935 1002 1000 ita
1025 958 1147 1021 paucae

132 1024 340 1089 inueniuntur
362 1027 573 1090 correcturae.
615 1022 707 1099 Quod
731 1025 796 1088 iam
818 1025 916 1107 paulo
940 1027 1016 1108 post
1039 1026 1148 1090 obser·

132 1116 243 1177 uatum
272 1115 338 1195 est,
374 1116 503 1196 praeter
535 1112 662 1177 librarii
695 1113 780 1176 enim
815 1133 948 1177 manum
981 1115 1083 1179 altera
1116 1121 1149 1180 et

132 1221 171 1264 ea
207 1200 337 1285 quidem
374 1222 476 1283 paene
519 1200 662 1284 aequalis
696 1197 769 1285 (M)
811 1202 1022 1286 conspicitur,
1065 1225 1147 1287 quae

132 1291 257 1373 partem
285 1288 476 1353 mendorum
503 1288 653 1371 primitus
680 1309 746 1353 non
772 1289 975 1355 sublatorum
999 1293 1148 1376 correxit,

132 1377 265 1442 lacunas
290 1378 462 1461 supplevit,
486 1377 718 1443 sententiarum
744 1377 984 1443 distinctionem
1008 1382 1147 1465 plerum-

132 1486 193 1550 que
216 1487 386 1550 perperam
409 1466 551 1550 positam
570 1465 689 1549 partim
709 1465 902 1532 emendavit.
938 1467 1095 1534 Attamen
1115 1475 1148 1534 et

132 1554 352 1637 interpunctio
372 1557 476 1620 scatet
494 1554 582 1619 vitiis
602 1557 634 1618 et
652 1555 814 1638 permulta
833 1560 990 1640 apparent
1009 1558 1147 1643 scriptu-

131 1665 187 1709 rae
211 1642 335 1709 menda.

198 1730 370 1797 Praeterea
408 1755 427 1796 a
463 1731 589 1796 librarii
625 1755 721 1797 manu
761 1738 928 1798 exaratum
968 1738 1019 1798 est
1059 1735 1146 1800 aliud

133 1841 262 1885 carmen
286 1821 342 1886 fol.
367 1821 429 1886 37⁸
452 1820 503 1885 cui
525 1820 715 1885 inscribitur
737 1821 796 1903 „de
820 1823 1051 1904 quatripertita
1073 1845 1147 1888 con·

131 1908 374 1993 punctionem),
401 1931 465 1994 quo
495 1909 585 1972 finito
615 1907 718 1973 altera
744 1910 782 1971 ut
809 1908 936 1972 videtur
960 1929 1074 1974 manus
1098 1913 1147 1975 in·

133 1996 212 2081 cipit
239 1999 358 2083 quippe
387 2019 469 2082 quae
496 1996 623 2060 litteras
646 1996 788 2061 minores
813 2000 846 2060 et
868 1997 1055 2082 graciliores
1079 1999 1147 2064 red·

133 2085 258 2152 diderit.
283 2085 460 2151 Willirami
475 2085 594 2150 cantici
608 2085 809 2150 canticorum
824 2085 927 2150 latina
936 2088 1148 2173 paraphrasis

133 2197 210 2240 num
240 2175 280 2240 ab
310 2177 414 2241 altera
441 2174 501 2239 illa
527 2196 625 2239 manu
654 2173 775 2258 scripta
800 2175 842 2239 sit
866 2174 1006 2240 dubitari
1031 2181 1148 2262 potest,

133 2265 251 2349 prioris
280 2265 365 2330 enim
392 2263 518 2329 librarii
541 2263 667 2329 litteras
692 2284 761 2328 esse
784 2267 875 2347 puto.
921 2264 1024 2341 Quam
1055 2288 1148 2350 para-

133 2352 279 2435 phrasim
303 2354 388 2418 idem
413 2356 575 2418 corrector
600 2352 655 2437 qui
679 2351 866 2418 Amarcium
892 2355 1076 2420 emendavit
1099 2377 1148 2420 re-

132 2439 227 2525 legit,
259 2441 344 2527 quod
377 2441 480 2507 conici
512 2441 589 2505 licet
622 2462 661 2504 ex
690 2446 874 2507 correctura
904 2441 957 2507 fol.
987 2441 1050 2508 471>
1077 2443 1098 2506 l.
1127 2445 1146 2509 8

133 2527 228 2592 facta.
265 2529 349 2594 Dein
368 2529 453 2594 idem
473 2529 627 2593 librarius
645 2551 705 2594 nec
723 2550 789 2594 non
804 2528 997 2610 correct0r2)
1016 2536 1149 2598 manent

133 2637 234 2700 usque
250 2615 291 2680 ad
304 2618 358 2681 fol.
375 2615 451 2702 71b3
471 2616 675 2703 insequentia
695 2639 714 2681 a
733 2619 835 2683 multo
854 2621 1031 2685 recentiore
1050 2643 1148 2686 manu

134 2709 268 2770 exarata
296 2709 372 2771 sunt
399 2728 503 2790 neque
533 2706 572 2772 ad
599 2727 669 2772 rem
695 2707 730 2770 in
763 2707 871 2789 priore
905 2709 1023 2774 codicis
1054 2715 1147 2792 parte

133 2797 309 2859 tractatam
324 2795 496 2879 pertinent.
527 2795 678 2882 Singulas
694 2794 813 2861 codicis
827 2797 1004 2881 particulas
1022 2799 1148 2880 priores

133 2904 234 2968 usque
267 2883 308 2948 ad
341 2883 395 2948 fol.
425 2885 443 2947 7
448 2881 487 2948 1b
520 2888 552 2948 et
583 2885 617 2949 in
649 2905 713 2949 uno
746 2883 922 2970 eodemque
950 2888 1147 2953 monasterio

134 2973 272 3058 scriptas
305 2975 339 3037 et
369 2994 472 3057 paene
502 2971 645 3037 eiusdem
677 2973 834 3057 temporis
865 2995 935 3039 esse
963 2975 1146 3041 litterarum

135 3061 249 3127 ductus
278 3066 375 3147 atque
404 3060 518 3126 modus
546 3060 610 3125 sibi
635 3066 822 3127 constantes
847 3061 1038 3147 adprobant.
1085 3063 1146 3128 Sed

134 3153 260 3233 partem
285 3174 303 3215 a
326 3151 380 3216 fol.
400 3151 443 3216 43
466 3149 675 3235 incipientem
703 3150 882 3233 posteriore
910 3151 1037 3259 demum
1067 3156 1146 3216 tem-

206 3382 233 3447 1)
268 3377 349 3444 Quod
377 3396 440 3433 cum
468 3377 532 3433 aliia
559 3375 642 3431 huius
671 3377 775 3432 codicis
803 3377 917 3434 ineditis
945 3379 1052 3448 publici
1079 3379 1147 3434 iuris

133 3449 188 3505 feci
201 3449 232 3503 in
246 3449 449 3520 ‚‚Romanische
459 3449 677 3520 Forschungen“
687 3449 734 3517 Vl,
747 3455 808 3517 laq.
886 3452 914 3519 2)
930 3449 1010 3516 Quod
1030 3453 1148 3520 apparet

134 3536 168 3575 ex
186 3521 349 3597 coniectura
366 3520 414 3576 fol.
434 3519 488 3577 aab
507 3519 525 3576 l.
545 3524 579 3574 22
598 3518 700 3590 posita.
