2468 3826
125 115 169 179 46
495 115 603 171 SEXTI
620 113 774 169 AMARCII

127 276 304 362 Conamur,
326 277 377 342 bis
402 300 457 342 sex
481 278 575 343 obliti
599 278 843 361 discipulorum,

86 385 113 425 ao
127 366 189 441 Qui
212 388 278 430 non
300 369 465 431 terrenum
488 366 684 432 dubitabant
707 386 855 450 spernere
879 387 1025 436 censum

125 454 373 539 Ruderibusque
397 477 513 521 eanum
535 478 693 556 muroque
718 476 834 539 equare
858 457 996 522 tenaci?

127 541 266 608 Credula
289 544 381 627 plebs
405 545 557 629 quicquid
581 544 763 645 preciosum
786 546 863 607 oont
849 543 925 608 tulit
910 545 1044 634 sinis,

125 631 178 696 Ad
201 634 332 715 plantas
355 633 479 717 posuit,
501 638 649 697 reuerent
650 633 682 697 ia
635 633 759 697 tdia
781 631 942 717 priorum,

123 719 276 806 Pupilla,
299 722 417 804 viduis,
440 721 620 805 peregrinis
644 721 915 786 distribuendum!

85 828 111 868 ss
126 808 268 894 Quisque
293 811 352 875 deo
376 814 540 874 assuescat
563 811 719 893 dare,s1t
705 810 823 874 tbene
847 810 1010 896 prodigus
1036 840 1115 886 usu,

127 897 189 963 Seu
213 900 298 965 bona
322 921 379 964 seu
402 899 489 963 mala
513 900 591 984 sint,
616 899 735 964 durant
758 902 915 983 ooneepta
937 923 1002 984 per
1028 927 1142 974 usum.

126 986 228 1063 Quam
253 989 355 1053 flectis
379 988 518 1073 virgam,
542 988 646 1052 ventis
669 987 790 1052 invicta
812 987 850 1051 fit
873 988 981 1053 arbor.
1046 1020 1049 1025 ·

124 1075 201 1142 Non
224 1077 351 1141 modico
375 1077 501 1141 fervore
525 1076 577 1141 dei
598 1076 792 1141 Laurentius
817 1075 932 1141 ardens

125 1162 280 1228 Primoris
304 1164 411 1248 cupidi
433 1165 522 1229 ieeur
544 1165 735 1230 insaciabile
758 1164 872 1229 ludens

84 1271 112 1309 ro
126 1251 218 1315 Ferri
241 1253 276 1315 in
300 1253 456 1317 oraticula
479 1253 653 1317 crudeliter
676 1254 817 1337 oppeciit
840 1253 926 1336 quod

125 1338 273 1404 Tradidit
295 1341 437 1425 indignis
461 1341 650 1426 crepitantis
674 1343 760 1407 dona
783 1346 912 1424 monete

126 1428 194 1505 Quo
220 1430 282 1495 sibi
306 1430 442 1495 dilectus
467 1431 607 1495 moriens
631 1430 793 1495 mandrita
814 1428 991 1516 reliqum),

125 1516 318 1584 Sanctorum
343 1520 472 1584 auditor
494 1541 561 1584 non
584 1519 699 1584 surdus
722 1519 961 1598 mandatorum,

124 1606 193 1682 Que
217 1607 367 1674 dominus
391 1608 550 1674 mandans
575 1631 644 1674 sese
668 1607 899 1674 comitantibus
921 1608 1084 1701 inquit²):

82 1715 109 1753 45
124 1695 292 1778 „Terrenis
317 1702 442 1762 vestros
466 1719 581 1762 moneo
606 1697 706 1762 desist
707 1699 751 1761 ite
719 1696 864 1760 teellis'

124 1746 262 1848 Credere
287 1785 472 1865 thesauros,
496 1787 552 1851 ubi
576 1791 681 1850 vestes
706 1785 827 1850 murice
849 1784 969 1850 tinetas

123 1870 285 1954 Arropent
286 1896 340 1936 um
365 1874 505 1938 avidet
481 1877 643 1939 t1nearum
666 1877 799 1958 guttura
820 1877 988 1960 rumpunt,

122 1959 307 2044 Degenerat
310 1982 370 2044 que
395 1962 508 2026 clamis
532 1962 661 2027 Milesia
685 1964 801 2027 vellere
825 1958 933 2048 11105)

123 2048 224 2133 Nata,
249 2049 305 2114 sed
329 2055 362 2114 et
384 2050 524 2114 rutilans
547 2051 633 2135 perit
657 2074 770 2116 aurum
794 2051 927 2137 erugine
952 2053 1087 2140 scabra,

83 2138 259 2223 solnsuper
283 2142 316 2203 et
301 2139 424 2204 tfurvi
448 2138 546 2204 ditem
569 2140 657 2205 fures
682 2145 760 2225 apot
762 2163 851 2206 eoam

122 2229 246 2293 Devast
232 2232 319 2314 tant3
337 2251 383 2330 'po
386 2230 450 2294 tius
473 2229 658 2314 thesauros,
682 2230 828 2313 consulo,
852 2232 977 2294 vestros

121 2317 343 2382 Transferte
333 2340 368 2382 1n
392 2319 494 2402 celos,
516 2319 573 2383 ubi
597 2321 715 2384 vermis
739 2340 806 2384 non
830 2323 939 2382 manet
961 2318 1063 2400 ullus,

121 2405 270 2491 Termes,
294 2408 460 2492 gurgulio,
484 2407 632 2492 brucus4)
656 2409 841 2510 ricinusque
864 2406 978 2491 procul
1001 2415 1090 2476 sunt.
1097 2411 1117 2446 “

121 2493 191 2558 Heo
216 2496 335 2560 seimus
359 2496 502 2561 sednon
527 2497 680 2580 sapimus,
704 2497 780 2581 quia
802 2517 869 2560 non
891 2495 1038 2581 facimus,
1061 2520 1143 2569 nam

81 2597 107 2638 55
121 2581 181 2645 Ille
206 2585 293 2668 sapit
315 2606 390 2650 vere
414 2584 482 2670 qui,
507 2607 568 2669 que
593 2585 654 2650 seit
668 2586 816 2687 agenda,
840 2584 918 2670 agit.
962 2583 1054 2670 Ergo

121 2669 230 2756 Larga
253 2693 367 2738 monus
391 2675 507 2759 grandi
531 2675 697 2758 marsupia
719 2674 829 2738 fenore
852 2675 949 2758 plena

121 2758 291 2843 Pauperet.
297 2759 323 2845 5)
370 2762 537 2828 Abraham
561 2763 691 2828 domino
715 2767 857 2827 mactare
880 2763 1012 2827 volebat

120 2846 282 2912 Heredem
307 2871 428 2934 serum,
452 2855 484 2915 et
507 2874 567 2917 nos
590 2875 658 2917 non
681 2853 793 2918 damus
819 2855 941 2935 extera,
970 2872 1026 2916 our
1048 2854 1141 2920 non?

122 2935 156 3002 Si
179 2942 308 3004 terrena
332 2938 459 3023 damus,
484 2940 615 3004 celestia
640 2942 864 3025 suscipiemus,

192 3156 226 3204 37
245 3150 289 3222 111]
309 3156 320 3205 t
336 3147 414 3219 prius
433 3164 448 3203 e
519 3153 553 3202 53
572 3165 595 3203 e.
615 3155 719 3205 tarmus

193 3349 219 3413 1)
238 3345 320 3399 Prud.
341 3343 440 3399 Perist.
454 3343 489 3411 ΙΙ,
504 3350 618 3401 21-16.
675 3347 703 3417 2)
722 3346 822 3404 Matth.
837 3353 862 3413 6,
878 3351 918 3400 19.
934 3352 981 3414 2ος
1000 3344 1035 3402 ef.
1050 3345 1136 3404 Prud.

120 3414 220 3485 Psyeh.
236 3421 296 3470 500.
352 3419 379 3485 3)
399 3416 500 3485 Georg.
515 3415 563 3484 III,
577 3423 630 3472 306
640 3435 681 3487 sq,
736 3421 763 3488 4)
783 3418 817 3475 el.
832 3418 915 3472 Prud.
930 3418 1056 3473 Hamart.
1073 3424 1135 3475 228.

120 3489 147 3556 5)
166 3487 232 3542 Hor.
253 3486 307 3541 Sat
329 3486 364 3554 Il,
384 3492 410 3557 5,
429 3494 463 3544 36
483 3490 512 3543 et
529 3489 614 3544 schol.
634 3489 735 3546 Acron.
