2468 3826
133 133 177 198 92
502 129 610 186 snxrr
628 129 783 186 Anauon

133 295 307 378 Accipiant
331 294 436 375 sedeo,
460 294 516 358 ubi
538 293 630 358 nulla
653 293 785 358 licentia
809 294 895 358 sonti

81 402 121 443 eoo
134 383 255 449 Evenit
277 382 418 466 inclus03
441 405 507 448 non
529 383 597 447 illic
619 382 689 447 filia
713 383 825 466 matri,

134 470 210 536 Non
232 471 334 536 frater
356 473 451 537 fratri
474 471 562 537 valet
586 493 670 557 esse,
694 493 825 536 sororve
849 470 955 536 sorori

134 559 279 646 Auxilio,
303 560 380 645 quid
403 583 483 625 avus
506 565 642 644 patruus
665 560 717 625 vel
742 560 920 626 avunculus
943 558 1014 624 illio

135 647 291 735 Cognatis
316 650 390 714 avia
414 653 470 714 aut
493 649 595 712 amita
618 652 674 712 aut
697 652 872 713 matertera
895 649 1065 732 prosunt?

133 737 210 803 Non
234 739 272 803 de
295 738 451 803 Tartareo
475 737 685 822 dampnatum
709 739 839 822 gurgite
863 738 943 802 levir

81 845 121 886 ooo
137 825 291 892 Germani
315 828 437 892 sociam
460 848 520 891 nec
542 827 651 890 salvus
675 829 818 891 amasius
842 827 921 890 olim

137 913 255 981 Caram
280 915 423 1001 diripiet,
445 915 541 980 nurui
563 936 629 979 non
653 915 798 997 proderit
820 915 888 979 iilic

136 1003 217 1070 Fida
241 1027 352 1070 socrus
377 1025 588 1088 socerumque
612 1025 711 1089 gener
733 1025 799 1068 non
822 1006 913 1068 eruet
935 1003 1005 1087 igni

135 1092 312 1158 Addictum
336 1092 451 1178 Stigio.
496 1093 607 1177 pravis
632 1096 664 1157 et
687 1095 818 1176 pectore
841 1093 939 1156 reotis

136 1181 304 1246 Eximium
328 1181 501 1245 discrimen
525 1181 600 1263 erit,
624 1180 721 1246 Petro
746 1185 844 1265 atque
866 1180 1004 1264 Neroni,

82 1288 124 1328 roo
137 1269 260 1334 Herodi
284 1274 317 1334 et
339 1270 451 1333 tinctis
474 1269 599 1334 insonti
621 1270 778 1355 sanguine
803 1271 903 1335 cunis,

139 1356 216 1440 [sed
239 1357 321 1422 mihi
344 1357 423 1422 dicit
445 1357 543 1422 homo
568 1355 690 1439 Sicula]
714 1358 891 1424 ferventior
912 1357 1025 1422 Ethna

138 1444 300 1534 [S(ol?)us
325 1469 399 1513 amo
423 1446 558 1535 tac]itos
583 1451 616 1511 et
638 1448 772 1532 garrula
794 1447 965 1512 abominor
989 1468 1060 1513 ora

137 1534 231 1621 [Vin,
256 1536 364 1621 sodes,
388 1537 527 1617 utnon]
552 1537 607 1620 qui
631 1536 814 1601 cornicatur
835 1532 990 1619 inepte),

136 1623 281 1709 Vapulat
304 1629 337 1690 et
361 1625 474 1708 quevis
498 1624 595 1690 liceat
618 1626 781 1690 blaterare
804 1621 971 1708 procacii)

83 1730 123 1772 405
137 1713 253 1779 Paucis
279 1717 328 1778 est
351 1718 462 1798 gratus
487 1713 663 1778 diffundere
687 1717 802 1778 cuncta
825 1717 974 1797 paratus,

136 1801 210 1866 Fiet
233 1802 320 1866 lesus
344 1803 461 1866 sinon
483 1802 657 1867 ulciscatur
679 1824 773 1886 puer,
797 1806 829 1865 et
853 1801 928 1886 quid

136 1888 277 1954 Maiores
301 1889 423 1954 faciant
445 1890 559 1954 infesti
582 1895 659 1955 sunt
681 1891 762 1954 mihi
786 1912 905 1974 scurrq.

136 1977 268 2042 Moroso
292 1979 389 2062 risor,
412 1978 575 2042 taciturno
600 1979 750 2062 garrulus
774 1980 896 2063 obstet,

138 2065 256 2132 Scurra
278 2067 431 2132 leccatori
455 2088 490 2132 se
512 2067 634 2152 iungit,
656 2068 812 2133 honestus
835 2069 987 2151 honesto,

83 2174 124 2214 410
136 2154 278 2221 Parvum
301 2178 421 2241 parvus
446 2160 547 2240 amat,
571 2157 618 2222 sic
641 2157 775 2241 quisque
799 2179 911 2241 parem
935 2157 998 2222 sibi
1022 2161 1148 2241 querit.

137 2243 201 2311 Sed
223 2246 304 2310 mihi
328 2245 378 2310 dic
401 2267 458 2328 per
482 2267 568 2328 eum,
597 2246 652 2329 qui
679 2268 754 2309 rura
777 2247 952 2330 polumque
975 2248 1163 2330 gubernat:

137 2332 220 2409 Quid
243 2334 306 2400 tibi
328 2333 415 2399 falsa
437 2338 534 2398 nocet
557 2335 714 2399 detractio
738 2335 900 2418 probrave
923 2335 1034 2400 iusto?

136 2423 207 2488 Hoc
230 2427 355 2508 patere,
377 2422 440 2488 hoo
463 2427 594 2487 sanctos
619 2424 782 2488 examinat
804 2427 842 2487 ut
864 2424 955 2489 focus
980 2427 1112 2490 aurum!

136 2511 212 2592 Dio,
236 2533 349 2598 queso,
372 2512 535 2577 collumne
558 2511 651 2576 iubos
674 2512 867 2577 ferientibus
892 2517 1001 2596 eptem

82 2617 122 2660 ns
136 2599 302 2665 Inmotum
325 2601 487 2684 mirerque
510 2600 648 2664 manus?
693 2599 780 2664 Inire
804 2602 941 2665 salutem

138 2686 263 2771 Optans
282 2690 442 2772 scalpello
465 2692 611 2755 ventrem
634 2689 773 2754 rimante
797 2690 954 2755 secandus

138 2775 260 2842 Lentus
284 2777 431 2842 membra
456 2781 566 2842 manet
588 2777 652 2841 nisi
676 2779 770 2842 firma
793 2778 924 2843 fidicula
946 2774 1086 2864 frenet³)

137 2864 276 2931 Brachia
299 2887 372 2930 oum
394 2864 553 2949 pedibus?
599 2866 651 2930 Da
674 2865 855 2952 cardiaco4)
878 2866 1092 2951 piponellamz

209 3134 261 3183 398
281 3147 302 3185 o.
319 3129 417 3198 parcis
435 3144 504 3182 corr.
520 3127 655 3183 Herschel
709 3133 760 3182 401
772 3146 832 3198 sqq.
847 3129 925 3184 uncis
940 3127 1049 3185 inclusa
1062 3145 1156 3198 paene

137 3199 249 3255 macula
268 3199 415 3269 deperdita
495 3203 547 3253 412
568 3216 590 3256 o.
606 3199 712 3270 probra
729 3203 765 3267 ot,
783 3203 795 3256 t
814 3199 938 3256 deletum

208 3431 236 3497 1)
252 3431 326 3484 Pers.
348 3433 379 3501 V,
400 3434 441 3486 12,
503 3430 530 3501 2)
548 3429 582 3485 of.
601 3429 669 3486 Hor.
689 3431 748 3488 Sat.
765 3431 802 3501 ss,
820 3438 848 3498 Ἰ,
865 3437 910 3486 to,
967 3432 996 3499 ut
1013 3429 1051 3485 ot.
1068 3430 1155 3488 Prud.

115 3497 219 3553 Perrbrt
240 3498 276 3569 X,
296 3504 359 3559 481.
437 3503 465 3575 4)
485 3503 611 3562 uf.·H0r.
631 3502 693 3560 Sat.
710 3504 749 3575 ss,
768 3509 796 3573 3,
813 3508 879 3557 ist.
