2468 3826
133 139 175 204 16
502 138 607 194 SEXTI
627 139 793 215 AMAHCII·

133 301 212 384 [Cur
235 304 270 367 in
293 302 434 367 avaricia
456 305 585 367 tantum
608 303 752 387 plerique
775 302 964 384 laboranti]

80 389 1059 564 ’11222110ὶέ2122222223221221111.

132 567 200 652 „Ve
224 567 323 632 mihi“
345 590 402 633 our
425 568 544 652 dicam,
567 569 595 632 si
618 569 731 633 morbo
754 589 820 633 non
844 568 965 653 agitur,
989 569 1018 634 si

133 656 316 740 Turgentes
339 657 457 741 papule
483 658 510 721 si
532 661 686 740 torquens
709 656 860 740 pleurisis
884 656 991 721 absit?

133 744 209 810 Non
230 746 307 810 talis
330 745 412 809 mihi
435 766 534 810 mens.
579 767 673 828 puer,
697 767 716 809 o
739 766 818 828 puer
842 746 910 809 ales
934 744 1061 829 adesto,

135 832 210 899 Scin
233 834 374 918 aliquem
397 833 537 917 limeum,
562 832 626 918 dic,
650 837 707 898 aut
729 854 871 919 gnavum
895 833 1100 898 chitaristam

80 943 121 982 420
136 922 202 988 Aut
225 923 281 1008 qui
305 944 422 1006 quassa
446 944 523 987 cavo
548 921 721 987 concordet
742 927 898 1006 tympana
919 921 1068 1006 plectro?

135 1010 223 1076 Scito
247 1012 390 1094 quidem,
414 1012 442 1076 si
464 1033 529 1076 non
553 1011 708 1076 mulcebit
730 1009 842 1076 Lidius
867 1032 958 1076 aures

133 1099 202 1164 Has
226 1136 264 1145 —
286 1099 342 1163 sed
361 1121 467 1182 curre,
491 1100 584 1164 ardet
606 1121 679 1164 mea
701 1121 792 1165 mens
815 1100 850 1164 in
873 1122 983 1165 amore
1006 1099 1151 1182 canendi,

134 1187 180 1252 Ut
202 1187 323 1251 torrela
345 1186 418 1251 foco
442 1188 494 1251 vel
518 1187 643 1252 adunca
666 1188 847 1252 oremacula
869 1187 967 1273 igni.“

135 1275 224 1359 Ergo
249 1275 306 1338 ubi
329 1274 489 1359 disposita
511 1275 602 1340 venit
624 1275 770 1340 mercede
793 1275 932 1356 iocatur,

82 1383 122 1424 425
135 1363 342 1448 Taurinaque
366 1363 473 1428 ohelin
496 1365 583 1449 cepit
606 1363 760 1428 deducere
783 1363 893 1448 theca,

136 1453 294 1518 Omnibus
318 1475 357 1517 ex
380 1453 458 1517 vicis
481 1453 595 1537 populi
618 1456 752 1518 currunt
773 1453 970 1538 pluteisque,

136 1541 319 1626 Affixisque
332 1544 459 1625 ¹notant
482 1543 582 1606 oculis
607 1546 639 1606 et
662 1563 824 1606 murmure
848 1541 914 1606 leni

135 1631 298 1696 Eminulis
321 1632 457 1695 mimum
480 1630 591 1716 digitis
614 1652 801 1716 percurrere
824 1630 952 1716 cordas,

137 1719 224 1794 Quas
249 1720 287 1783 de
310 1740 480 1784 vervecum
503 1720 642 1784 madidis
666 1723 833 1803 aptaverat
856 1721 953 1802 extis,

83 1825 124 1865 430
137 1805 293 1890 Nuncque
308 1807 396 1889 ipsas
410 1811 541 1872 tenuem
554 1829 641 1890 nunc
654 1829 787 1872 raucum
798 1828 944 1890 promere
954 1807 1117 1871 bombum.
1126 1805 1151 1893 1)

138 1895 172 1960 si
196 1895 268 1978 quis
293 1894 333 1958 ab
359 1901 490 1959 externo
514 1895 637 1960 dimoto
661 1895 792 1959 climate
815 1895 890 1980 celi,

139 1983 194 2048 Sol
218 2004 330 2048 roseus
353 1987 464 2047 vastos
487 1983 543 2048 ubi
565 2005 641 2048 rura
663 2004 722 2065 per
744 1981 825 2046 Afra
847 2003 985 2065 vapores

137 2071 285 2156 Evomit,
309 2072 431 2155 aspiret
452 2071 549 2136 terris
573 2093 636 2156 qua
658 2071 778 2154 frigida
802 2070 921 2136 clausis

139 2161 295 2226 Omnibus
319 2159 482 2244 hybernas
505 2165 632 2225 exercet
654 2183 734 2225 zona
757 2161 905 2244 pruinas,

85 2267 125 2307 4³5
139 2249 352 2334 Obcalletque
374 2253 472 2314 tenax
495 2255 643 2315 emuncto
668 2249 761 2315 stiria
783 2246 912 2337 naso2),

140 2339 253 2404 Secum
277 2338 412 2402 miretur
435 2339 541 2422 celum
564 2343 712 2404 constare
735 2339 859 2404 duabus

210 2517 352 2567 ere-456
381 2512 528 2568 ediderunt
551 2510 648 2580 Haupt
666 2513 685 2568 1.
704 2514 722 2567 l.
746 2531 773 2580 p.
796 2517 845 2566 162
856 2528 910 2578 sq,
934 2510 1079 2580 Br'idinger
1095 2511 1114 2564 l.
1134 2509 1153 2563 l.

139 2601 166 2653 p.
177 2588 212 2638 35
223 2600 263 2651 sq.
322 2590 373 2638 419
384 2601 407 2638 c.
417 2585 549 2653 ipsoram
562 2584 574 2637 ι’
588 2599 657 2638 eras.
712 2587 764 2637 420
775 2587 851 2637 casta
859 2596 925 2636 caco
935 2582 1077 2636 concordet
1086 2586 1154 2650 tym-

137 2649 1037 2780 22121212221221221221(212222
1049 2651 1154 2778 litt

139 2811 241 2865 quassa
258 2795 355 2864 Haupt
374 2798 403 2850 et
420 2744 565 2866 nauigii
581 2798 652 2851 bene
670 2741 811 2866 probdbili
830 2793 990 2848 coniectura
1038 2765 1110 2848 Ι421
1131 2765 1155 2850 o’.

139 2866 263 2922 multabat
281 2882 349 2921 corr.
368 2865 464 2935 Haupt
535 2872 586 2922 422
607 2867 709 2938 amore]
729 2867 794 2921 ante
812 2883 828 2920 r
845 2863 942 2920 littera
960 2863 1055 2934 aliqua
1075 2882 1155 2921 erasa

139 2937 259 2993 conradi
277 2935 388 3005 scripsit
405 2935 435 2988 M
506 2942 559 2993 423
578 2938 650 3010 ipos]
671 2954 694 2992 o.
713 2939 774 3007 tupi
800 2938 865 3006 (non
884 2937 945 3005 iapa'
963 2939 995 2991 ut
1013 2937 1155 3006 Br'idingcr

140 3008 192 3065 1.1.
233 3014 288 3064 ,36
306 3014 364 3063 n.'1
384 3009 430 3063 vel
448 3009 512 3077 sape
530 3010 667 3078 Anaeiger
685 3006 731 3062 fiir
749 3007 876 3063 schweiz.
896 3007 995 3063 Gesch.
1014 3026 1041 3064 u.
1060 3008 1154 3062 Alter-

139 3027 310 3134 tumsliunde
330 3084 398 3161 1862
421 3079 456 3134 Ν.
482 3085 496 3132 1
521 3077 549 3133 S.
573 3081 618 3148 94)
646 3077 788 3149 deinger
811 3079 945 3160 correxit,
973 3081 1075 3160 postea
1097 3095 1155 3133 eor-

140 3152 280 3205 reoturam
303 3150 409 3206 delevrt
515 3154 568 3204 426
590 3149 732 3221 deducere]
751 3151 973 3218 dedecoratae,
997 3149 1155 3218 primumd

140 3223 260 3278 anteas
331 3221 421 3293 theca]
439 3222 504 3277 baca
522 3237 572 3276 sor.
592 3221 622 3274 M
693 3227 745 3276 428
768 3220 893 3292 mimum]
918 3222 1035 3276 nimium
1057 3219 1154 3288 Haupt

141 3294 171 3347 et
188 3292 333 3363 Biidinger
350 3291 422 3348 falso
493 3297 545 3348 432
566 3309 588 3348 c.
608 3298 702 3349 eostur
720 3309 787 3347 corr.
808 3293 904 3360 Haupt

141 3503 181 3556 m
212 3435 299 3562 {235⁰ss
323 3436 432 3491 Lucret
455 3434 504 3506 IV,
526 3439 587 3491 544.
678 3437 706 3504 2)
728 3435 795 3489 Hor.
820 3433 879 3489 sae
902 3431 924 3501 Ι,
947 3438 972 3500 4,
993 3436 1017 3486 8.
1055 3430 1155 3500 Georg.
