<?xml version="1.0" encoding="UTF-8"?>
<!DOCTYPE html PUBLIC "-//W3C//DTD XHTML 1.0 Transitional//EN"
    "http://www.w3.org/TR/xhtml1/DTD/xhtml1-transitional.dtd">
<html xmlns="http://www.w3.org/1999/xhtml" xml:lang="en" lang="en">
 <head>
  <title>
</title>
<meta http-equiv="Content-Type" content="text/html;charset=utf-8" />
  <meta name='ocr-system' content='tesseract 3.04.00' />
  <meta name='ocr-capabilities' content='ocr_page ocr_carea ocr_par ocr_line ocrx_word'/>
</head>
<body>
  <div class='ocr_page' id='page_1' title='image "./sextiamarciigal00manigoog_0089.png"; bbox 0 0 2468 3826; ppageno 0'>
   <div class='ocr_carea' id='block_1_1' title="bbox 136 111 782 177">
    <p class='ocr_par' dir='ltr' id='par_1_1' title="bbox 136 111 782 177">
     <span class='ocr_line' id='line_1_1' title="bbox 136 111 782 177; baseline 0 -11"><span class='ocrx_word' id='word_1_1' title='bbox 136 111 179 177; x_wconf 84' lang='lat'>66</span> <span class='ocrx_word' id='word_1_2' title='bbox 504 111 609 166; x_wconf 69' lang='lat' dir='ltr'>saxu</span> <span class='ocrx_word' id='word_1_3' title='bbox 627 111 782 168; x_wconf 73' lang='lat' dir='ltr'>Anauon</span> 
     </span>
    </p>
   </div>
   <div class='ocr_carea' id='block_1_2' title="bbox 82 273 1151 2839">
    <p class='ocr_par' dir='ltr' id='par_1_2' title="bbox 82 273 1151 2839">
     <span class='ocr_line' id='line_1_2' title="bbox 135 273 1151 363; baseline 0.004 -25"><span class='ocrx_word' id='word_1_4' title='bbox 135 273 229 359; x_wconf 82' lang='lat' dir='ltr'>„Fiat</span> <span class='ocrx_word' id='word_1_5' title='bbox 252 273 326 338; x_wconf 86' lang='lat' dir='ltr'>lux“</span> <span class='ocrx_word' id='word_1_6' title='bbox 349 273 456 359; x_wconf 90' lang='lat' dir='ltr'>inquit</span> <span class='ocrx_word' id='word_1_7' title='bbox 479 275 570 359; x_wconf 86' lang='lat' dir='ltr'>deus,</span> <span class='ocrx_word' id='word_1_8' title='bbox 593 279 625 340; x_wconf 88' lang='lat' dir='ltr'>et</span> <span class='ocrx_word' id='word_1_9' title='bbox 648 275 704 339; x_wconf 85' lang='lat' dir='ltr'>lux</span> <span class='ocrx_word' id='word_1_10' title='bbox 727 275 803 339; x_wconf 90' lang='lat' dir='ltr'>ilico</span> <span class='ocrx_word' id='word_1_11' title='bbox 826 273 916 340; x_wconf 88' lang='lat' dir='ltr'>facta</span> <span class='ocrx_word' id='word_1_12' title='bbox 939 273 1036 363; x_wconf 79' lang='lat' dir='ltr'>est¹);</span> <span class='ocrx_word' id='word_1_13' title='bbox 1149 338 1151 342; x_wconf 87' lang='lat'>.</span> 
     </span>
     <span class='ocr_line' id='line_1_3' title="bbox 140 361 970 447; baseline 0 -20"><span class='ocrx_word' id='word_1_14' title='bbox 140 361 377 447; x_wconf 80' lang='lat' dir='ltr'>Secernensque</span> <span class='ocrx_word' id='word_1_15' title='bbox 401 385 485 428; x_wconf 83' lang='lat' dir='ltr'>novo</span> <span class='ocrx_word' id='word_1_16' title='bbox 508 364 662 428; x_wconf 77' lang='lat' dir='ltr'>tenebras</span> <span class='ocrx_word' id='word_1_17' title='bbox 687 386 725 427; x_wconf 87' lang='lat' dir='ltr'>ex</span> <span class='ocrx_word' id='word_1_18' title='bbox 749 363 869 427; x_wconf 88' lang='lat' dir='ltr'>lumine</span> <span class='ocrx_word' id='word_1_19' title='bbox 892 366 970 429; x_wconf 91' lang='lat' dir='ltr'>noct</span> 
     </span>
     <span class='ocr_line' id='line_1_4' title="bbox 84 449 1036 537; baseline 0.006 -25"><span class='ocrx_word' id='word_1_20' title='bbox 84 471 124 511; x_wconf 84' lang='lat' dir='ltr'>coo</span> <span class='ocrx_word' id='word_1_21' title='bbox 137 450 238 515; x_wconf 89' lang='lat' dir='ltr'>Iussit</span> <span class='ocrx_word' id='word_1_22' title='bbox 262 452 374 516; x_wconf 89' lang='lat' dir='ltr'>abesse</span> <span class='ocrx_word' id='word_1_23' title='bbox 398 449 527 537; x_wconf 76' lang='lat' dir='ltr'>diem²);</span> <span class='ocrx_word' id='word_1_24' title='bbox 550 453 615 516; x_wconf 89' lang='lat' dir='ltr'>iam</span> <span class='ocrx_word' id='word_1_25' title='bbox 638 457 716 516; x_wconf 92' lang='lat' dir='ltr'>tunc</span> <span class='ocrx_word' id='word_1_26' title='bbox 738 451 870 516; x_wconf 92' lang='lat' dir='ltr'>inimica</span> <span class='ocrx_word' id='word_1_27' title='bbox 892 451 1036 518; x_wconf 81' lang='lat' dir='ltr'>vicissim</span> 
     </span>
     <span class='ocr_line' id='line_1_5' title="bbox 136 538 1004 625; baseline 0.003 -22"><span class='ocrx_word' id='word_1_28' title='bbox 136 538 328 624; x_wconf 89' lang='lat' dir='ltr'>Pugnarunt</span> <span class='ocrx_word' id='word_1_29' title='bbox 351 540 512 606; x_wconf 90' lang='lat' dir='ltr'>elementa</span> <span class='ocrx_word' id='word_1_30' title='bbox 534 541 639 605; x_wconf 89' lang='lat' dir='ltr'>modis</span> <span class='ocrx_word' id='word_1_31' title='bbox 664 540 880 624; x_wconf 79' lang='lat' dir='ltr'>discordibus,</span> <span class='ocrx_word' id='word_1_32' title='bbox 902 562 1004 625; x_wconf 91' lang='lat' dir='ltr'>usque</span> 
     </span>
     <span class='ocr_line' id='line_1_6' title="bbox 138 627 903 713; baseline 0 -21"><span class='ocrx_word' id='word_1_33' title='bbox 138 627 214 712; x_wconf 91' lang='lat' dir='ltr'>Ipse</span> <span class='ocrx_word' id='word_1_34' title='bbox 238 633 327 694; x_wconf 89' lang='lat' dir='ltr'>sator</span> <span class='ocrx_word' id='word_1_35' title='bbox 349 630 476 713; x_wconf 90' lang='lat' dir='ltr'>placida</span> <span class='ocrx_word' id='word_1_36' title='bbox 498 630 604 694; x_wconf 91' lang='lat' dir='ltr'>iunxit</span> <span class='ocrx_word' id='word_1_37' title='bbox 627 630 788 694; x_wconf 88' lang='lat' dir='ltr'>contraria</span> <span class='ocrx_word' id='word_1_38' title='bbox 811 650 903 712; x_wconf 84' lang='lat' dir='ltr'>pace3</span> 
     </span>
     <span class='ocr_line' id='line_1_7' title="bbox 136 715 1115 802; baseline 0.007 -21"><span class='ocrx_word' id='word_1_39' title='bbox 136 715 251 802; x_wconf 83' lang='lat' dir='ltr'>Ignem</span> <span class='ocrx_word' id='word_1_40' title='bbox 274 740 414 801; x_wconf 90' lang='lat' dir='ltr'>namque</span> <span class='ocrx_word' id='word_1_41' title='bbox 438 717 538 782; x_wconf 88' lang='lat' dir='ltr'>citum</span> <span class='ocrx_word' id='word_1_42' title='bbox 563 740 723 782; x_wconf 88' lang='lat' dir='ltr'>summam</span> <span class='ocrx_word' id='word_1_43' title='bbox 746 718 909 783; x_wconf 78' lang='lat' dir='ltr'>contraxit</span> <span class='ocrx_word' id='word_1_44' title='bbox 931 718 968 781; x_wconf 92' lang='lat' dir='ltr'>in</span> <span class='ocrx_word' id='word_1_45' title='bbox 991 740 1115 788; x_wconf 88' lang='lat' dir='ltr'>arcem.</span> 
     </span>
     <span class='ocr_line' id='line_1_8' title="bbox 136 804 1082 895; baseline 0.004 -26"><span class='ocrx_word' id='word_1_46' title='bbox 136 804 231 871; x_wconf 89' lang='lat' dir='ltr'>Hunc</span> <span class='ocrx_word' id='word_1_47' title='bbox 254 807 488 892; x_wconf 83' lang='lat' dir='ltr'>gravidumque</span> <span class='ocrx_word' id='word_1_48' title='bbox 512 805 616 871; x_wconf 93' lang='lat' dir='ltr'>solum</span> <span class='ocrx_word' id='word_1_49' title='bbox 640 807 799 870; x_wconf 84' lang='lat' dir='ltr'><strong>mediator</strong></span> <span class='ocrx_word' id='word_1_50' title='bbox 822 807 968 871; x_wconf 90' lang='lat' dir='ltr'>continet</span> <span class='ocrx_word' id='word_1_51' title='bbox 990 806 1082 895; x_wconf 55' lang='lat' dir='ltr'>senil)</span> 
     </span>
     <span class='ocr_line' id='line_1_9' title="bbox 83 892 962 979; baseline 0.002 -23"><span class='ocrx_word' id='word_1_52' title='bbox 83 916 122 956; x_wconf 78' lang='lat' dir='ltr'>eos</span> <span class='ocrx_word' id='word_1_53' title='bbox 135 892 186 959; x_wconf 93' lang='lat' dir='ltr'>Ne</span> <span class='ocrx_word' id='word_1_54' title='bbox 209 896 372 961; x_wconf 83' lang='lat' dir='ltr'>volterra</span> <span class='ocrx_word' id='word_1_55' title='bbox 395 895 489 960; x_wconf 91' lang='lat' dir='ltr'>cadat</span> <span class='ocrx_word' id='word_1_56' title='bbox 510 895 654 960; x_wconf 83' lang='lat' dir='ltr'>violento</span> <span class='ocrx_word' id='word_1_57' title='bbox 679 894 819 978; x_wconf 90' lang='lat' dir='ltr'>pondere</span> <span class='ocrx_word' id='word_1_58' title='bbox 842 916 962 979; x_wconf 88' lang='lat' dir='ltr'>mersa,</span> 
     </span>
     <span class='ocr_line' id='line_1_10' title="bbox 136 982 957 1068; baseline 0 -22"><span class='ocrx_word' id='word_1_59' title='bbox 136 982 204 1048; x_wconf 81' lang='lat' dir='ltr'>Aut</span> <span class='ocrx_word' id='word_1_60' title='bbox 226 984 342 1048; x_wconf 88' lang='lat' dir='ltr'>levitas</span> <span class='ocrx_word' id='word_1_61' title='bbox 366 985 440 1067; x_wconf 92' lang='lat' dir='ltr'>puri</span> <span class='ocrx_word' id='word_1_62' title='bbox 463 1006 589 1049; x_wconf 91' lang='lat' dir='ltr'>sursum</span> <span class='ocrx_word' id='word_1_63' title='bbox 612 985 709 1048; x_wconf 90' lang='lat' dir='ltr'>nimis</span> <span class='ocrx_word' id='word_1_64' title='bbox 733 983 839 1048; x_wconf 89' lang='lat' dir='ltr'>evolet</span> <span class='ocrx_word' id='word_1_65' title='bbox 861 983 957 1068; x_wconf 84' lang='lat' dir='ltr'>ignis.</span> 
     </span>
     <span class='ocr_line' id='line_1_11' title="bbox 136 1068 982 1158; baseline 0 -23"><span class='ocrx_word' id='word_1_66' title='bbox 136 1070 231 1135; x_wconf 81' lang='lat' dir='ltr'>Altos</span> <span class='ocrx_word' id='word_1_67' title='bbox 255 1072 367 1136; x_wconf 90' lang='lat' dir='ltr'>deinde</span> <span class='ocrx_word' id='word_1_68' title='bbox 391 1073 480 1138; x_wconf 88' lang='lat' dir='ltr'>lacus</span> <span class='ocrx_word' id='word_1_69' title='bbox 504 1075 537 1137; x_wconf 92' lang='lat' dir='ltr'>et</span> <span class='ocrx_word' id='word_1_70' title='bbox 559 1069 724 1158; x_wconf 82' lang='lat' dir='ltr'>flumina⁴)</span> <span class='ocrx_word' id='word_1_71' title='bbox 746 1072 851 1135; x_wconf 89' lang='lat' dir='ltr'>limite</span> <span class='ocrx_word' id='word_1_72' title='bbox 875 1068 982 1136; x_wconf 79' lang='lat' dir='ltr'>certo5</span> 
     </span>
     <span class='ocr_line' id='line_1_12' title="bbox 136 1156 1010 1245; baseline 0 -21"><span class='ocrx_word' id='word_1_73' title='bbox 136 1159 296 1224; x_wconf 90' lang='lat' dir='ltr'>Delucens</span> <span class='ocrx_word' id='word_1_74' title='bbox 319 1161 454 1244; x_wconf 88' lang='lat' dir='ltr'>pelagus</span> <span class='ocrx_word' id='word_1_75' title='bbox 478 1182 665 1225; x_wconf 92' lang='lat' dir='ltr'>concurrere</span> <span class='ocrx_word' id='word_1_76' title='bbox 688 1161 783 1225; x_wconf 88' lang='lat' dir='ltr'>iussit</span> <span class='ocrx_word' id='word_1_77' title='bbox 805 1161 840 1224; x_wconf 91' lang='lat' dir='ltr'>in</span> <span class='ocrx_word' id='word_1_78' title='bbox 862 1156 1010 1245; x_wconf 83' lang='lat' dir='ltr'>unum⁶‚</span> 
     </span>
     <span class='ocr_line' id='line_1_13' title="bbox 137 1245 971 1334; baseline -0.001 -22"><span class='ocrx_word' id='word_1_79' title='bbox 137 1246 300 1312; x_wconf 77' lang='lat' dir='ltr'><strong>Oceanum</strong></span> <span class='ocrx_word' id='word_1_80' title='bbox 325 1248 448 1330; x_wconf 89' lang='lat' dir='ltr'>dicunt,</span> <span class='ocrx_word' id='word_1_81' title='bbox 471 1252 577 1312; x_wconf 92' lang='lat' dir='ltr'>totum</span> <span class='ocrx_word' id='word_1_82' title='bbox 600 1249 656 1332; x_wconf 92' lang='lat' dir='ltr'>qui</span> <span class='ocrx_word' id='word_1_83' title='bbox 679 1249 794 1313; x_wconf 80' lang='lat' dir='ltr'>circuit</span> <span class='ocrx_word' id='word_1_84' title='bbox 817 1245 971 1334; x_wconf 80' lang='lat' dir='ltr'>orbem.⁷)</span> 
     </span>
     <span class='ocr_line' id='line_1_14' title="bbox 82 1335 1073 1424; baseline 0.005 -27"><span class='ocrx_word' id='word_1_85' title='bbox 82 1358 122 1397; x_wconf 83' lang='lat' dir='ltr'>cro</span> <span class='ocrx_word' id='word_1_86' title='bbox 136 1336 294 1421; x_wconf 84' lang='lat' dir='ltr'>Tempore</span> <span class='ocrx_word' id='word_1_87' title='bbox 318 1358 355 1400; x_wconf 90' lang='lat' dir='ltr'>eo</span> <span class='ocrx_word' id='word_1_88' title='bbox 379 1337 476 1402; x_wconf 90' lang='lat' dir='ltr'>tellus</span> <span class='ocrx_word' id='word_1_89' title='bbox 500 1337 569 1401; x_wconf 89' lang='lat' dir='ltr'>sine</span> <span class='ocrx_word' id='word_1_90' title='bbox 593 1338 736 1423; x_wconf 82' lang='lat' dir='ltr'>germine</span> <span class='ocrx_word' id='word_1_91' title='bbox 759 1337 846 1401; x_wconf 92' lang='lat' dir='ltr'>nuda</span> <span class='ocrx_word' id='word_1_92' title='bbox 870 1335 1073 1424; x_wconf 83' lang='lat' dir='ltr'>manebat⁸)‚</span> 
     </span>
     <span class='ocr_line' id='line_1_15' title="bbox 135 1425 1011 1512; baseline 0.001 -23"><span class='ocrx_word' id='word_1_93' title='bbox 135 1425 296 1510; x_wconf 81' lang='lat' dir='ltr'>Ignorans</span> <span class='ocrx_word' id='word_1_94' title='bbox 320 1431 446 1512; x_wconf 75' lang='lat' dir='ltr'>grume,</span> <span class='ocrx_word' id='word_1_95' title='bbox 468 1429 504 1490; x_wconf 91' lang='lat' dir='ltr'>ut</span> <span class='ocrx_word' id='word_1_96' title='bbox 526 1446 610 1489; x_wconf 93' lang='lat' dir='ltr'>nunc</span> <span class='ocrx_word' id='word_1_97' title='bbox 634 1426 732 1510; x_wconf 86' lang='lat' dir='ltr'>solet,</span> <span class='ocrx_word' id='word_1_98' title='bbox 755 1426 849 1490; x_wconf 90' lang='lat' dir='ltr'>edere</span> <span class='ocrx_word' id='word_1_99' title='bbox 870 1426 1011 1510; x_wconf 88' lang='lat' dir='ltr'>fructus,</span> 
     </span>
     <span class='ocr_line' id='line_1_16' title="bbox 136 1514 980 1599; baseline -0.001 -20"><span class='ocrx_word' id='word_1_100' title='bbox 136 1514 247 1579; x_wconf 92' lang='lat' dir='ltr'>Donec</span> <span class='ocrx_word' id='word_1_101' title='bbox 271 1537 342 1580; x_wconf 89' lang='lat' dir='ltr'>eam</span> <span class='ocrx_word' id='word_1_102' title='bbox 364 1515 464 1599; x_wconf 88' lang='lat' dir='ltr'>lignis</span> <span class='ocrx_word' id='word_1_103' title='bbox 488 1517 601 1579; x_wconf 87' lang='lat' dir='ltr'>auctor</span> <span class='ocrx_word' id='word_1_104' title='bbox 622 1515 792 1579; x_wconf 89' lang='lat' dir='ltr'>mandavit</span> <span class='ocrx_word' id='word_1_105' title='bbox 816 1517 848 1578; x_wconf 90' lang='lat' dir='ltr'>et</span> <span class='ocrx_word' id='word_1_106' title='bbox 870 1514 980 1579; x_wconf 88' lang='lat' dir='ltr'>herbis</span> 
     </span>
     <span class='ocr_line' id='line_1_17' title="bbox 136 1602 1009 1689; baseline 0.001 -23"><span class='ocrx_word' id='word_1_107' title='bbox 136 1602 259 1669; x_wconf 79' lang='lat' dir='ltr'>Vestini</span> <span class='ocrx_word' id='word_1_108' title='bbox 281 1605 395 1686; x_wconf 86' lang='lat' dir='ltr'>variis,</span> <span class='ocrx_word' id='word_1_109' title='bbox 419 1606 452 1668; x_wconf 93' lang='lat' dir='ltr'>et</span> <span class='ocrx_word' id='word_1_110' title='bbox 475 1603 560 1689; x_wconf 88' lang='lat' dir='ltr'>quod</span> <span class='ocrx_word' id='word_1_111' title='bbox 583 1603 795 1669; x_wconf 87' lang='lat' dir='ltr'>mandaverat</span> <span class='ocrx_word' id='word_1_112' title='bbox 818 1608 926 1668; x_wconf 91' lang='lat' dir='ltr'>actum</span> <span class='ocrx_word' id='word_1_113' title='bbox 950 1605 1009 1668; x_wconf 89' lang='lat' dir='ltr'>est.</span> 
     </span>
     <span class='ocr_line' id='line_1_18' title="bbox 136 1691 1028 1778; baseline 0 -22"><span class='ocrx_word' id='word_1_114' title='bbox 136 1691 204 1756; x_wconf 90' lang='lat' dir='ltr'>Nec</span> <span class='ocrx_word' id='word_1_115' title='bbox 228 1714 331 1772; x_wconf 85' lang='lat' dir='ltr'>mora,</span> <span class='ocrx_word' id='word_1_116' title='bbox 356 1692 533 1778; x_wconf 88' lang='lat' dir='ltr'>procedunt</span> <span class='ocrx_word' id='word_1_117' title='bbox 556 1696 703 1775; x_wconf 72' lang='lat' dir='ltr'>porrecte</span> <span class='ocrx_word' id='word_1_118' title='bbox 726 1693 761 1756; x_wconf 90' lang='lat' dir='ltr'>in</span> <span class='ocrx_word' id='word_1_119' title='bbox 783 1691 896 1756; x_wconf 90' lang='lat' dir='ltr'>nubila</span> <span class='ocrx_word' id='word_1_120' title='bbox 918 1691 1028 1775; x_wconf 79' lang='lat' dir='ltr'>pinna,</span> 
     </span>
     <span class='ocr_line' id='line_1_19' title="bbox 83 1777 996 1864; baseline 0.007 -25"><span class='ocrx_word' id='word_1_121' title='bbox 83 1799 122 1839; x_wconf 83' lang='lat'>615</span> <span class='ocrx_word' id='word_1_122' title='bbox 138 1777 230 1844; x_wconf 79' lang='lat' dir='ltr'>Stare</span> <span class='ocrx_word' id='word_1_123' title='bbox 253 1802 355 1845; x_wconf 91' lang='lat' dir='ltr'>novas</span> <span class='ocrx_word' id='word_1_124' title='bbox 379 1782 486 1845; x_wconf 89' lang='lat' dir='ltr'>subito</span> <span class='ocrx_word' id='word_1_125' title='bbox 510 1781 619 1846; x_wconf 85' lang='lat' dir='ltr'>videas</span> <span class='ocrx_word' id='word_1_126' title='bbox 641 1781 676 1845; x_wconf 92' lang='lat' dir='ltr'>iu</span> <span class='ocrx_word' id='word_1_127' title='bbox 700 1781 864 1846; x_wconf 90' lang='lat' dir='ltr'>montibus</span> <span class='ocrx_word' id='word_1_128' title='bbox 888 1780 996 1864; x_wconf 85' lang='lat' dir='ltr'>alnos,</span> 
     </span>
     <span class='ocr_line' id='line_1_20' title="bbox 135 1865 932 1954; baseline 0.003 -24"><span class='ocrx_word' id='word_1_129' title='bbox 135 1865 246 1931; x_wconf 85' lang='lat' dir='ltr'>Buxos</span> <span class='ocrx_word' id='word_1_130' title='bbox 271 1872 304 1931; x_wconf 91' lang='lat' dir='ltr'>et</span> <span class='ocrx_word' id='word_1_131' title='bbox 326 1869 448 1951; x_wconf 91' lang='lat' dir='ltr'>patulis</span> <span class='ocrx_word' id='word_1_132' title='bbox 472 1869 578 1933; x_wconf 89' lang='lat' dir='ltr'>ulmos</span> <span class='ocrx_word' id='word_1_133' title='bbox 603 1890 795 1954; x_wconf 85' lang='lat' dir='ltr'>consurgere</span> <span class='ocrx_word' id='word_1_134' title='bbox 818 1869 932 1951; x_wconf 88' lang='lat' dir='ltr'>ramis,</span> 
     </span>
     <span class='ocr_line' id='line_1_21' title="bbox 136 1953 1053 2041; baseline 0.003 -21"><span class='ocrx_word' id='word_1_135' title='bbox 136 1953 228 2020; x_wconf 79' lang='lat' dir='ltr'>Stare</span> <span class='ocrx_word' id='word_1_136' title='bbox 252 1957 353 2020; x_wconf 90' lang='lat' dir='ltr'>eciam</span> <span class='ocrx_word' id='word_1_137' title='bbox 378 1957 505 2041; x_wconf 73' lang='lat' dir='ltr'>mutos,</span> <span class='ocrx_word' id='word_1_138' title='bbox 528 1957 693 2040; x_wconf 82' lang='lat' dir='ltr'>platanos,</span> <span class='ocrx_word' id='word_1_139' title='bbox 716 1957 842 2041; x_wconf 89' lang='lat' dir='ltr'>cedros,</span> <span class='ocrx_word' id='word_1_140' title='bbox 865 1956 1053 2023; x_wconf 86' lang='lat' dir='ltr'>terebintos.</span> 
     </span>
     <span class='ocr_line' id='line_1_22' title="bbox 136 2043 1005 2130; baseline 0.006 -24"><span class='ocrx_word' id='word_1_141' title='bbox 136 2043 219 2107; x_wconf 85' lang='lat' dir='ltr'>Tum</span> <span class='ocrx_word' id='word_1_142' title='bbox 242 2046 383 2128; x_wconf 87' lang='lat' dir='ltr'>primum</span> <span class='ocrx_word' id='word_1_143' title='bbox 407 2046 509 2110; x_wconf 90' lang='lat' dir='ltr'>cerasi</span> <span class='ocrx_word' id='word_1_144' title='bbox 532 2045 712 2109; x_wconf 88' lang='lat' dir='ltr'>rubuerunt</span> <span class='ocrx_word' id='word_1_145' title='bbox 735 2047 878 2130; x_wconf 87' lang='lat' dir='ltr'>germine</span> <span class='ocrx_word' id='word_1_146' title='bbox 901 2046 1005 2130; x_wconf 88' lang='lat' dir='ltr'>fulvo,</span> 
     </span>
     <span class='ocr_line' id='line_1_23' title="bbox 137 2131 939 2218; baseline 0.001 -21"><span class='ocrx_word' id='word_1_147' title='bbox 137 2131 299 2218; x_wconf 81' lang='lat' dir='ltr'>Sentaque</span> <span class='ocrx_word' id='word_1_148' title='bbox 323 2137 472 2217; x_wconf 73' lang='lat' dir='ltr'>castaneo</span> <span class='ocrx_word' id='word_1_149' title='bbox 496 2133 673 2199; x_wconf 89' lang='lat' dir='ltr'>didicerunt</span> <span class='ocrx_word' id='word_1_150' title='bbox 696 2157 795 2218; x_wconf 91' lang='lat' dir='ltr'>poma</span> <span class='ocrx_word' id='word_1_151' title='bbox 817 2135 939 2199; x_wconf 86' lang='lat' dir='ltr'>feraces</span> 
     </span>
     <span class='ocr_line' id='line_1_24' title="bbox 84 2223 924 2308; baseline 0.007 -26"><span class='ocrx_word' id='word_1_152' title='bbox 84 2242 124 2282; x_wconf 84' lang='lat' dir='ltr'>cao</span> <span class='ocrx_word' id='word_1_153' title='bbox 139 2223 293 2308; x_wconf 84' lang='lat' dir='ltr'>Gignere,</span> <span class='ocrx_word' id='word_1_154' title='bbox 315 2227 385 2288; x_wconf 88' lang='lat' dir='ltr'>tum</span> <span class='ocrx_word' id='word_1_155' title='bbox 409 2224 492 2288; x_wconf 87' lang='lat' dir='ltr'>flavo</span> <span class='ocrx_word' id='word_1_156' title='bbox 516 2245 684 2289; x_wconf 85' lang='lat' dir='ltr'>canescere</span> <span class='ocrx_word' id='word_1_157' title='bbox 708 2224 795 2288; x_wconf 90' lang='lat' dir='ltr'>mala</span> <span class='ocrx_word' id='word_1_158' title='bbox 817 2223 924 2288; x_wconf 89' lang='lat' dir='ltr'>colore</span> 
     </span>
     <span class='ocr_line' id='line_1_25' title="bbox 139 2308 857 2398; baseline 0 -23"><span class='ocrx_word' id='word_1_159' title='bbox 139 2308 259 2396; x_wconf 80' lang='lat' dir='ltr'>Cepere</span> <span class='ocrx_word' id='word_1_160' title='bbox 283 2315 315 2376; x_wconf 91' lang='lat' dir='ltr'>et</span> <span class='ocrx_word' id='word_1_161' title='bbox 336 2313 432 2398; x_wconf 86' lang='lat' dir='ltr'>nigra</span> <span class='ocrx_word' id='word_1_162' title='bbox 455 2314 533 2378; x_wconf 91' lang='lat' dir='ltr'>bace</span> <span class='ocrx_word' id='word_1_163' title='bbox 556 2313 729 2396; x_wconf 87' lang='lat' dir='ltr'>procedere</span> <span class='ocrx_word' id='word_1_164' title='bbox 751 2313 857 2393; x_wconf 87' lang='lat' dir='ltr'>lauro,</span> 
     </span>
     <span class='ocr_line' id='line_1_26' title="bbox 136 2397 957 2486; baseline 0 -23"><span class='ocrx_word' id='word_1_165' title='bbox 136 2397 182 2463; x_wconf 77' lang='lat' dir='ltr'>nt</span> <span class='ocrx_word' id='word_1_166' title='bbox 204 2401 332 2484; x_wconf 89' lang='lat' dir='ltr'>prodire</span> <span class='ocrx_word' id='word_1_167' title='bbox 357 2402 424 2466; x_wconf 89' lang='lat' dir='ltr'>suis</span> <span class='ocrx_word' id='word_1_168' title='bbox 448 2401 582 2486; x_wconf 83' lang='lat' dir='ltr'>glandes</span> <span class='ocrx_word' id='word_1_169' title='bbox 606 2406 639 2466; x_wconf 95' lang='lat' dir='ltr'>et</span> <span class='ocrx_word' id='word_1_170' title='bbox 662 2400 826 2485; x_wconf 84' lang='lat' dir='ltr'>amigdala</span> <span class='ocrx_word' id='word_1_171' title='bbox 848 2399 957 2464; x_wconf 89' lang='lat' dir='ltr'>ramis.</span> 
     </span>
     <span class='ocr_line' id='line_1_27' title="bbox 137 2486 1003 2573; baseline 0.002 -23"><span class='ocrx_word' id='word_1_172' title='bbox 137 2486 220 2552; x_wconf 80' lang='lat' dir='ltr'>Tum</span> <span class='ocrx_word' id='word_1_173' title='bbox 243 2489 333 2573; x_wconf 90' lang='lat' dir='ltr'>pirus</span> <span class='ocrx_word' id='word_1_174' title='bbox 358 2494 390 2553; x_wconf 90' lang='lat' dir='ltr'>et</span> <span class='ocrx_word' id='word_1_175' title='bbox 412 2493 507 2573; x_wconf 89' lang='lat' dir='ltr'>pinus</span> <span class='ocrx_word' id='word_1_176' title='bbox 531 2494 599 2554; x_wconf 92' lang='lat' dir='ltr'>tum</span> <span class='ocrx_word' id='word_1_177' title='bbox 623 2489 760 2573; x_wconf 89' lang='lat' dir='ltr'>mespila</span> <span class='ocrx_word' id='word_1_178' title='bbox 782 2487 1003 2571; x_wconf 85' lang='lat' dir='ltr'>fructificavit,</span> 
     </span>
     <span class='ocr_line' id='line_1_28' title="bbox 136 2574 1011 2662; baseline 0.003 -24"><span class='ocrx_word' id='word_1_179' title='bbox 136 2574 292 2641; x_wconf 89' lang='lat' dir='ltr'>Balsama</span> <span class='ocrx_word' id='word_1_180' title='bbox 313 2581 384 2642; x_wconf 89' lang='lat' dir='ltr'>tum</span> <span class='ocrx_word' id='word_1_181' title='bbox 409 2582 442 2643; x_wconf 90' lang='lat' dir='ltr'>et</span> <span class='ocrx_word' id='word_1_182' title='bbox 465 2579 561 2661; x_wconf 70' lang='lat' dir='ltr'>mirre</span> <span class='ocrx_word' id='word_1_183' title='bbox 586 2577 742 2643; x_wconf 86' lang='lat' dir='ltr'>sudarunt</span> <span class='ocrx_word' id='word_1_184' title='bbox 765 2578 881 2642; x_wconf 90' lang='lat' dir='ltr'>robore</span> <span class='ocrx_word' id='word_1_185' title='bbox 905 2580 1011 2662; x_wconf 72' lang='lat' dir='ltr'>gutte,</span> 
     </span>
     <span class='ocr_line' id='line_1_29' title="bbox 83 2662 981 2752; baseline 0.009 -30"><span class='ocrx_word' id='word_1_186' title='bbox 83 2681 123 2722; x_wconf 79' lang='lat' dir='ltr'>aaa</span> <span class='ocrx_word' id='word_1_187' title='bbox 137 2662 242 2747; x_wconf 87' lang='lat' dir='ltr'>Thus,</span> <span class='ocrx_word' id='word_1_188' title='bbox 266 2665 350 2747; x_wconf 88' lang='lat' dir='ltr'>aloe,</span> <span class='ocrx_word' id='word_1_189' title='bbox 374 2667 495 2752; x_wconf 85' lang='lat' dir='ltr'>resina,</span> <span class='ocrx_word' id='word_1_190' title='bbox 518 2667 614 2731; x_wconf 89' lang='lat' dir='ltr'>simul</span> <span class='ocrx_word' id='word_1_191' title='bbox 637 2666 831 2750; x_wconf 88' lang='lat' dir='ltr'>tymiamata</span> <span class='ocrx_word' id='word_1_192' title='bbox 854 2668 981 2750; x_wconf 87' lang='lat' dir='ltr'>cuncta,</span> 
     </span>
     <span class='ocr_line' id='line_1_30' title="bbox 141 2749 936 2839; baseline 0.008 -25"><span class='ocrx_word' id='word_1_193' title='bbox 141 2749 209 2826; x_wconf 81' lang='lat' dir='ltr'>Quo</span> <span class='ocrx_word' id='word_1_194' title='bbox 232 2752 375 2834; x_wconf 88' lang='lat' dir='ltr'>produnt</span> <span class='ocrx_word' id='word_1_195' title='bbox 397 2777 546 2837; x_wconf 90' lang='lat' dir='ltr'>proceres</span> <span class='ocrx_word' id='word_1_196' title='bbox 570 2755 774 2820; x_wconf 88' lang='lat' dir='ltr'>irritamenta</span> <span class='ocrx_word' id='word_1_197' title='bbox 797 2756 936 2839; x_wconf 81' lang='lat' dir='ltr'>gulosos,</span> 
     </span>
    </p>
   </div>
   <div class='ocr_carea' id='block_1_3' title="bbox 1089 860 1100 896">
    <p class='ocr_par' dir='ltr' id='par_1_3' title="bbox 1089 860 1100 896">
     <span class='ocr_line' id='line_1_31' title="bbox 1089 860 1100 896; baseline 0 0"><span class='ocrx_word' id='word_1_198' title='bbox 1089 860 1100 896; x_wconf 62' lang='grc' dir='ltr'><em>θ</em></span> 
     </span>
    </p>
   </div>
   <div class='ocr_carea' id='block_1_4' title="bbox 139 2837 897 2928">
    <p class='ocr_par' dir='ltr' id='par_1_4' title="bbox 139 2837 897 2928">
     <span class='ocr_line' id='line_1_32' title="bbox 139 2837 897 2928; baseline 0.005 -26"><span class='ocrx_word' id='word_1_199' title='bbox 139 2837 254 2923; x_wconf 77' lang='lat' dir='ltr'>Dein9)</span> <span class='ocrx_word' id='word_1_200' title='bbox 279 2841 340 2922; x_wconf 70' lang='lat' dir='ltr'>celi</span> <span class='ocrx_word' id='word_1_201' title='bbox 362 2840 478 2906; x_wconf 81' lang='lat' dir='ltr'>faciem</span> <span class='ocrx_word' id='word_1_202' title='bbox 502 2844 593 2908; x_wconf 85' lang='lat' dir='ltr'>vultu</span> <span class='ocrx_word' id='word_1_203' title='bbox 617 2849 762 2928; x_wconf 90' lang='lat' dir='ltr'>spectare</span> <span class='ocrx_word' id='word_1_204' title='bbox 786 2865 897 2907; x_wconf 86' lang='lat' dir='ltr'>sereno</span> 
     </span>
    </p>
   </div>
   <div class='ocr_carea' id='block_1_5' title="bbox 140 3068 1151 3212">
    <p class='ocr_par' dir='ltr' id='par_1_5' title="bbox 140 3068 1151 3212">
     <span class='ocr_line' id='line_1_33' title="bbox 210 3068 1151 3126; baseline 0 -3"><span class='ocrx_word' id='word_1_205' title='bbox 210 3073 262 3124; x_wconf 94' lang='grc'>600</span> <span class='ocrx_word' id='word_1_206' title='bbox 281 3085 304 3124; x_wconf 89' lang='lat' dir='ltr'>c.</span> <span class='ocrx_word' id='word_1_207' title='bbox 324 3068 359 3123; x_wconf 79' lang='lat' dir='ltr'>ab</span> <span class='ocrx_word' id='word_1_208' title='bbox 377 3084 432 3123; x_wconf 83' lang='lat' dir='ltr'>esce</span> <span class='ocrx_word' id='word_1_209' title='bbox 499 3074 550 3124; x_wconf 88' lang='grc'>606</span> <span class='ocrx_word' id='word_1_210' title='bbox 570 3086 593 3126; x_wconf 89' lang='lat' dir='ltr'>c.</span> <span class='ocrx_word' id='word_1_211' title='bbox 612 3069 697 3125; x_wconf 83' lang='lat' dir='ltr'>Ncucl</span> <span class='ocrx_word' id='word_1_212' title='bbox 765 3075 815 3124; x_wconf 82' lang='grc'>607</span> <span class='ocrx_word' id='word_1_213' title='bbox 835 3087 858 3125; x_wconf 92' lang='lat' dir='ltr'>c.</span> <span class='ocrx_word' id='word_1_214' title='bbox 877 3070 993 3126; x_wconf 79' lang='lat' dir='ltr'>deiude</span> <span class='ocrx_word' id='word_1_215' title='bbox 1055 3074 1107 3124; x_wconf 79' lang='lat'>620</span> <span class='ocrx_word' id='word_1_216' title='bbox 1126 3085 1151 3124; x_wconf 92' lang='lat' dir='ltr'>e.</span> 
     </span>
     <span class='ocr_line' id='line_1_34' title="bbox 140 3137 1043 3212; baseline 0.003 -19"><span class='ocrx_word' id='word_1_217' title='bbox 140 3137 259 3209; x_wconf 75' lang='lat' dir='ltr'>Giupm</span> <span class='ocrx_word' id='word_1_218' title='bbox 277 3140 310 3194; x_wconf 91' lang='lat' dir='ltr'>ut</span> <span class='ocrx_word' id='word_1_219' title='bbox 327 3139 399 3194; x_wconf 85' lang='lat' dir='ltr'>falso</span> <span class='ocrx_word' id='word_1_220' title='bbox 418 3139 560 3209; x_wconf 78' lang='lat' dir='ltr'>Btidinger</span> <span class='ocrx_word' id='word_1_221' title='bbox 632 3146 683 3195; x_wconf 80' lang='lat'>626</span> <span class='ocrx_word' id='word_1_222' title='bbox 700 3142 834 3212; x_wconf 75' lang='lat' dir='ltr'>produnt]</span> <span class='ocrx_word' id='word_1_223' title='bbox 855 3158 891 3196; x_wconf 85' lang='lat' dir='ltr'>an</span> <span class='ocrx_word' id='word_1_224' title='bbox 904 3142 1043 3210; x_wconf 72' lang='lat' dir='ltr'>perdum?</span> 
     </span>
    </p>
   </div>
   <div class='ocr_carea' id='block_1_6' title="bbox 138 3269 351 3276">
    <p class='ocr_par' dir='ltr' id='par_1_6' title="bbox 138 3269 351 3276">
     <span class='ocr_line' id='line_1_35' title="bbox 138 3269 351 3276; baseline 0 0"><span class='ocrx_word' id='word_1_225' title='bbox 138 3269 351 3276; x_wconf 75' lang='lat'>——--——</span> 
     </span>
    </p>
   </div>
   <div class='ocr_carea' id='block_1_7' title="bbox 137 3305 1152 3549">
    <p class='ocr_par' dir='ltr' id='par_1_7' title="bbox 137 3305 1152 3549">
     <span class='ocr_line' id='line_1_36' title="bbox 210 3305 1152 3404; baseline 0.001 -16"><span class='ocrx_word' id='word_1_226' title='bbox 210 3336 236 3402; x_wconf 88' lang='lat'>1)</span> <span class='ocrx_word' id='word_1_227' title='bbox 257 3333 324 3390; x_wconf 78' lang='lat' dir='ltr'>cen.</span> <span class='ocrx_word' id='word_1_228' title='bbox 346 3341 369 3403; x_wconf 88' lang='lat'>1,</span> <span class='ocrx_word' id='word_1_229' title='bbox 389 3305 426 3389; x_wconf 85' lang='lat' dir='ltr'>a</span> <span class='ocrx_word' id='word_1_230' title='bbox 487 3337 514 3404; x_wconf 83' lang='lat' dir='ltr'>a)</span> <span class='ocrx_word' id='word_1_231' title='bbox 534 3335 602 3391; x_wconf 79' lang='lat' dir='ltr'>oen.</span> <span class='ocrx_word' id='word_1_232' title='bbox 624 3341 647 3403; x_wconf 88' lang='lat'>1,</span> <span class='ocrx_word' id='word_1_233' title='bbox 666 3342 691 3390; x_wconf 86' lang='lat'>4.</span> <span class='ocrx_word' id='word_1_234' title='bbox 711 3340 736 3391; x_wconf 80' lang='lat' dir='ltr'>a.</span> <span class='ocrx_word' id='word_1_235' title='bbox 804 3336 832 3404; x_wconf 82' lang='lat' dir='ltr'>a)</span> <span class='ocrx_word' id='word_1_236' title='bbox 852 3334 902 3391; x_wconf 81' lang='lat' dir='ltr'>cv.</span> <span class='ocrx_word' id='word_1_237' title='bbox 920 3335 986 3392; x_wconf 76' lang='lat' dir='ltr'>Met.</span> <span class='ocrx_word' id='word_1_238' title='bbox 1006 3335 1027 3403; x_wconf 86' lang='grc' dir='ltr'>Ι,</span> <span class='ocrx_word' id='word_1_239' title='bbox 1047 3340 1081 3391; x_wconf 85' lang='lat' dir='ltr'>ac</span> <span class='ocrx_word' id='word_1_240' title='bbox 1091 3351 1152 3404; x_wconf 80' lang='lat' dir='ltr'>sqq.</span> 
     </span>
     <span class='ocr_line' id='line_1_37' title="bbox 137 3405 1151 3478; baseline 0.005 -20"><span class='ocrx_word' id='word_1_241' title='bbox 137 3406 165 3474; x_wconf 86' lang='grc'>4)</span> <span class='ocrx_word' id='word_1_242' title='bbox 184 3405 251 3461; x_wconf 89' lang='lat' dir='ltr'>Met.</span> <span class='ocrx_word' id='word_1_243' title='bbox 270 3405 291 3474; x_wconf 90' lang='lat' dir='ltr'>l,</span> <span class='ocrx_word' id='word_1_244' title='bbox 312 3411 345 3461; x_wconf 87' lang='lat'>38</span> <span class='ocrx_word' id='word_1_245' title='bbox 356 3423 397 3475; x_wconf 90' lang='lat' dir='ltr'>sq.</span> <span class='ocrx_word' id='word_1_246' title='bbox 484 3409 511 3474; x_wconf 82' lang='grc'>0)</span> <span class='ocrx_word' id='word_1_247' title='bbox 530 3407 633 3461; x_wconf 89' lang='lat' dir='ltr'>Lucan.</span> <span class='ocrx_word' id='word_1_248' title='bbox 652 3406 673 3473; x_wconf 91' lang='grc' dir='ltr'>Ι,</span> <span class='ocrx_word' id='word_1_249' title='bbox 692 3411 795 3476; x_wconf 71' lang='grc'>61500.</span> <span class='ocrx_word' id='word_1_250' title='bbox 881 3409 908 3478; x_wconf 88' lang='lat'>6)</span> <span class='ocrx_word' id='word_1_251' title='bbox 926 3405 1009 3462; x_wconf 92' lang='lat' dir='ltr'>Prud.</span> <span class='ocrx_word' id='word_1_252' title='bbox 1027 3405 1058 3461; x_wconf 88' lang='lat' dir='ltr'>in</span> <span class='ocrx_word' id='word_1_253' title='bbox 1076 3405 1151 3476; x_wconf 77' lang='lat' dir='ltr'>sym.</span> 
     </span>
     <span class='ocr_line' id='line_1_38' title="bbox 139 3475 1151 3549; baseline 0.003 -20"><span class='ocrx_word' id='word_1_254' title='bbox 139 3475 175 3543; x_wconf 89' lang='lat'>11,</span> <span class='ocrx_word' id='word_1_255' title='bbox 194 3481 254 3530; x_wconf 74' lang='lat'><strong>776.</strong></span> <span class='ocrx_word' id='word_1_256' title='bbox 311 3476 532 3546; x_wconf 71' lang='lat' dir='ltr'>7)Gen.1,11.</span> <span class='ocrx_word' id='word_1_257' title='bbox 589 3479 616 3547; x_wconf 85' lang='grc'>6)</span> <span class='ocrx_word' id='word_1_258' title='bbox 635 3477 702 3535; x_wconf 86' lang='lat' dir='ltr'>Gen.</span> <span class='ocrx_word' id='word_1_259' title='bbox 723 3483 746 3546; x_wconf 83' lang='lat'>1,</span> <span class='ocrx_word' id='word_1_260' title='bbox 767 3483 869 3549; x_wconf 73' lang='grc'>14000.</span> <span class='ocrx_word' id='word_1_261' title='bbox 929 3479 956 3548; x_wconf 85' lang='grc'>9)</span> <span class='ocrx_word' id='word_1_262' title='bbox 975 3477 1043 3534; x_wconf 82' lang='lat' dir='ltr'>Gen.</span> <span class='ocrx_word' id='word_1_263' title='bbox 1064 3483 1089 3546; x_wconf 84' lang='lat'>1,</span> <span class='ocrx_word' id='word_1_264' title='bbox 1109 3482 1151 3532; x_wconf 76' lang='lat'>12.</span> 
     </span>
    </p>
   </div>
   <div class='ocr_carea' id='block_1_8' title="bbox 0 0 1238 3826">
    <p class='ocr_par' dir='ltr' id='par_1_8' title="bbox 0 0 1238 3826">
     <span class='ocr_line' id='line_1_39' title="bbox 0 0 1238 3826; baseline 0 0"><span class='ocrx_word' id='word_1_265' title='bbox 0 0 1238 3826; x_wconf 95' lang='lat' dir='ltr'> </span> 
     </span>
    </p>
   </div>
  </div>
 </body>
</html>
