2468 3826
495 154 605 209 LIBER
623 155 657 210 ll.
706 154 727 174 ⁹
1040 153 1082 219 29

66 319 132 386 Cur
155 319 326 384 adamante
350 322 443 384 tuum
467 339 523 384 cor
546 317 656 382 durius
680 338 750 382 esse
773 316 921 382 videtur?
1096 336 1135 377 222

65 409 142 474 Non
166 408 264 492 stirps
289 411 338 471 est
361 406 400 472 de
423 429 503 491 rupe
526 404 634 491 tibi1),
656 428 722 472 non
745 409 779 471 te
802 427 955 490 peperere

65 497 211 562 Ismarus
234 499 291 560 aut
313 493 495 582 Rodope2),
518 500 556 561 tu
578 517 653 560 2222
677 495 831 580 germinis
855 495 933 560 almi

66 585 257 670 Progenies,
280 606 338 650 nec
362 585 477 650 adulor
499 585 534 649 in
556 585 629 664 hoc;
655 603 734 668 gens
759 584 854 667 dura,
878 587 1055 668 memento,

13 711 20 717 ·
66 673 130 750 Qui
153 672 315 758 quondam
338 674 461 739 fuerint
483 674 580 739 abavi
603 673 665 738 tibi
688 673 806 757 quique
830 676 980 756 parentes

66 762 153 828 Ante
176 763 256 846 dies,
281 762 397 847 quibus
421 763 583 828 interrae
607 761 772 826 descendit
796 761 837 825 ab
861 761 931 826 alto
1098 782 1137 822 222

68 852 284 936 Omnipotens
308 856 340 915 et
363 871 422 934 pro
445 853 540 917 nobis
563 852 697 916 verbum
721 861 796 914 caro
819 849 943 915 factum
966 848 1062 934 estl³)

66 940 212 1006 Verbum
235 962 299 1024 quo
323 940 452 1025 genitor
475 941 619 1004 firmavit
642 938 742 1003 celica
765 959 924 1021 summus,

67 1028 139 1094 Hoc
162 1028 297 1094 verbum
321 1028 398 1093 deus
423 1032 485 1112 est,
508 1028 571 1092 hoc
594 1030 628 1091 et
651 1027 812 1110 sapientia
837 1026 968 1110 summi,

68 1117 138 1194 Quo
162 1139 197 1183 se
219 1117 255 1181 in
277 1117 435 1201 principio
458 1121 570 1182 natam
594 1119 733 1200 anteque
755 1119 904 1199 tempora
927 1119 1044 1181 cuncta

67 1205 223 1271 Affirmat
246 1204 284 1271 de
306 1209 400 1288 patre
423 1205 482 1271 deo
505 1205 727 1290 genitamque,
751 1204 841 1289 prius
866 1225 963 1289 quam
1098 1222 1137 1264 222
1209 1221 1213 1229 ·

68 1294 253 1360 Luciferum
276 1294 409 1379 faceret,
433 1298 560 1360 montes
583 1298 617 1359 et
640 1297 757 1379 stagna
780 1297 917 1376 crearet,

67 1383 112 1449 Et
136 1405 169 1448 se
191 1386 391 1468 presentem,
414 1405 486 1449 cum
511 1383 663 1449 conderet
686 1387 789 1466 astra,
811 1382 911 1447 fuisse

68 1471 213 1556 Cumque
235 1476 371 1555 parente
395 1494 453 1537 suo
478 1494 548 1537 sese
572 1473 681 1537 omnia
704 1471 924 1556 conposuisse.

68 1559 171 1624 Filius
190 1560 253 1624 hoc
272 1560 396 1625 domini
414 1565 472 1642 est,
497 1582 592 1644 quem
611 1564 724 1625 natum
743 1559 945 1642 intempore
964 1559 1084 1624 scimus

69 1647 109 1712 In
132 1648 304 1733 mundum,
326 1669 436 1713 verum
459 1669 557 1732 penes
582 1652 727 1712 eternum
751 1647 934 1732 genitorem
1099 1665 1139 1706 222

71 1738 159 1807 Ante
183 1739 291 1800 saturn
314 1758 410 1820 quam
434 1736 489 1801 lux
510 1737 604 1801 fieret
628 1758 684 1800 seu
706 1735 811 1800 tristis
836 1736 982 1820 abyssus.

69 1824 155 1890 Illud
178 1823 321 1890 Micheas
342 1825 427 1909 bene
449 1829 653 1908 pertractans
677 1825 738 1890 ait:
761 1823 807 1890 Et
828 1828 878 1908 tu,

68 1913 235 1998 Bethlem,
258 1936 361 1997 parva
384 1913 514 1999 quidem
536 1913 634 1998 Iudee
657 1914 692 1978 in
714 1914 848 1978 milibus
871 1935 905 1978 es
928 1917 979 2000 tu,

68 2003 114 2087 Et
135 2007 260 2088 tamen,
283 2002 409 2068 Israhel
432 2004 487 2087 qui
509 2004 628 2088 presit,
650 1998 779 2087 pro'diet
802 2024 842 2066 ex
865 2005 911 2086 te,

68 2090 299 2176 Primevosque
324 2091 391 2156 dies
414 2112 563 2177 egressus
586 2092 734 2176 prevenit
756 2087 885 2176 evis.“⁴)
1101 2107 1140 2150 222

69 2179 224 2264 „Quando
243 2184 336 2245 tuum
355 2202 420 2245 non
441 2181 534 2246 credo
553 2181 649 2245 deum
668 2203 742 2246 cum
763 2201 829 2244 non
847 2200 944 2262 pereo
969 2179 1087 2245 22222ιῖα

73 2266 187 2352 „Ulcio
211 2271 394 2332 currentem
418 2269 524 2351 capiet
547 2268 661 2334 claudo
685 2268 767 2352 pede
790 2271 926 2333 sontem.

69 2356 172 2439 Num,
195 2355 308 2439 miser,
331 2356 465 2440 ignoras
488 2356 573 2441 quod
596 2378 654 2421 rex
675 2355 866 2420 Bebilonius
889 2355 1007 2440 inquit,

71 2443 207 2521 Quando
231 2447 297 2509 tres
320 2465 439 2529 pueros
463 2445 574 2529 tepida
596 2444 631 2509 in
653 2444 785 2510 fornace
809 2443 922 2528 vagari

69 2533 177 2598 Vidit:
199 2532 318 2609 Nonne
341 2534 428 2598 viros
452 2534 487 2598 in
509 2534 641 2616 furnum
663 2534 812 2598 misimus
836 2533 981 2616 amplum
1101 2554 1141 2593 222

70 2622 150 2687 Τ222
160 2622 505 2707 tantum,oproc·eres?
518 2622 627 2707 „Trea
633 2624 784 2708 princeps
792 2621 924 2705 optime,
931 2622 1088 2690 tantum.“

70 2710 123 2775 En
147 2731 207 2796 ego
230 2712 387 2777 neniam
410 2715 476 2777 tres
500 2712 557 2777 sed
580 2716 719 2796 quatuor
741 2711 789 2776 iro
812 2713 964 2794 potenter

70 2797 143 2863 Huc
165 2800 242 2864 illuc
264 2800 357 2865 video
381 2800 514 2864 flamma
537 2801 683 2886 cedente,
706 2799 820 2885 deique

73 2885 214 2962 Quartus
237 2910 303 2953 non
327 2888 426 2952 dubia
448 2888 614 2973 portendit
636 2889 780 2974 imagine
803 2893 926 2954 natum.
1041 2928 1043 2932 ·

143 3083 195 3133 212
218 3094 241 3132 c.
261 3080 299 3134 ad
317 3085 426 3135 amante
514 3081 642 3136 videntur
749 3086 801 3136 216
825 3098 848 3136 2.
867 3082 952 3150 stripe
971 3096 1039 3136 corr.
1058 3078 1088 3133 M

71 3155 123 3204 222
156 3148 283 3221 Verbum]
315 3156 336 3204 22
363 3150 467 3206 adiecit
491 3151 521 3204 M
637 3156 689 3206 226
720 3158 822 3223 stagna
849 3157 952 3207 crearet
979 3169 1029 3206 scr.
1058 3151 1088 3205 Μ

71 3225 124 3276 229
137 3221 237 3276 ecimus
251 3237 300 3276 222.
314 3222 344 3275 M
395 3226 448 3276 233
462 3222 596 3295 Bethlem]
610 3224 661 3280 lem
674 3223 704 3278 in
718 3239 770 3278 ras.
786 3221 901 3292 scripsit
914 3222 944 3275 M
993 3238 1016 3276 c.
1031 3230 1090 3279 cetu

71 3297 123 3346 239
146 3291 276 3364 Quando]
295 3293 368 3348 ando
387 3309 439 3348 scr.
458 3293 488 3347 M
535 3303 537 3307 '

144 3456 170 3522 1)
192 3451 262 3509 Aen.
281 3451 329 3521 lv,
349 3457 400 3508 222
411 3469 452 3522 sq.
537 3455 567 3534 2)
591 3452 776 3520 n01.V1,eo.
870 3454 899 3522 2)
923 3451 982 3507 1011.
1002 3457 1026 3522 1,
1047 3458 1088 3510 14.

72 3520 167 3578 Sedul.
188 3521 216 3578 Ο.
235 3524 266 3582 Ρ.
285 3523 320 3592 Π,
339 3531 382 3579 43.
456 3525 484 3593 4)
505 3522 590 3578 Mrch.
610 3531 635 3592 b,
657 3530 679 3578 1.
