2468 3826
147 159 213 215 ΚΝ
548 144 761 203 PRAEFATIO.

148 331 209 393 que
242 309 448 375 describeret.
501 311 609 396 Atque
640 311 688 376 ite
718 309 889 375 Amareius
923 311 974 375 sui
1007 315 1165 397 temporis

148 421 274 464 morum
301 398 397 463 iudex
425 401 554 464 tantum
582 399 668 464 mala
696 402 733 464 ut
755 397 826 462 fieri
849 399 934 464 solet
958 401 1163 486 conspicatus

149 509 204 553 eos
229 487 284 570 qui
307 486 431 552 Romae
455 489 627 572 praecipue
650 491 777 552 saturas
798 488 997 572 scripserunt
1015 489 1165 557 imitatus

148 581 198 642 est
226 576 350 642 scilicet
372 575 547 641 Horatium
555 575 580 661 1)
608 575 757 641 Persium
783 574 980 642 Iuvenalem.
1026 578 1097 656 Quo
1125 580 1165 646 fit

145 668 183 729 ut
214 664 409 731 Teutonicae
440 686 493 730 res
531 665 721 750 saepissime
753 664 920 730 Romanae
958 667 1164 752 antiquitatis

147 753 229 819 facie
259 757 354 839 atque
383 754 489 819 colore
518 754 735 839 depingantur
762 753 814 818 cui
841 755 921 819 vitio
950 754 1016 820 fere
1050 778 1163 822 omnes

147 842 245 907 medii
269 843 339 907 aevi
362 846 478 926 poetae
503 843 749 909 succubuerunt
795 841 879 919 Quid
904 845 1025 909 sentiat
1049 849 1163 911 auctor
1189 923 1192 928 ¹

148 932 187 996 de
210 932 307 996 rebus
332 931 475 997 carmine
498 931 678 997 tractandis
702 930 797 996 facile
821 933 972 1015 cognosci
993 937 1104 1015 potest
1122 956 1162 998 ex

146 1021 245 1104 primi
272 1020 348 1084 libri
376 1021 482 1105 capite
510 1022 615 1105 primo
644 1021 696 1086 cui
727 1019 895 1104 inscripsit
925 1019 1090 1105 „epilogus
1121 1022 1161 1087 de

146 1108 322 1173 virtutibus
354 1112 485 1192 patrum
520 1112 552 1175 et
583 1110 801 1193 posteriorum
833 1108 957 1174 viciis“:
994 1113 1027 1173 et
1063 1110 1161 1176 nimis

146 1197 291 1281 queritur
318 1196 357 1260 de
387 1198 437 1262 sui
465 1199 619 1280 temporis
648 1219 756 1263 rerum
781 1198 867 1262 malo
891 1200 980 1262 statu
1004 1199 1161 1265 moribus-

147 1305 208 1368 que
233 1285 417 1368 depravatis
441 1288 474 1351 et
497 1287 705 1352 vehementer
726 1287 761 1351 in
785 1286 909 1351 caelum
928 1285 992 1350 fert
1009 1308 1061 1352 res
1080 1291 1160 1352 tem·

146 1375 236 1458 poris
256 1374 328 1456 acti,
352 1375 437 1459 quod
462 1396 519 1460 per
541 1379 649 1441 totum
673 1396 802 1441 carmen
825 1375 946 1439 factum
971 1396 1041 1440 esse
1064 1376 1160 1442 facile

144 1463 331 1547 perspicias.
356 1463 526 1529 Amarcius
541 1465 570 1528 si
585 1463 812 1530 Germanicam
826 1467 1023 1529 vetustatem
1037 1486 1160 1530 meram

145 1550 383 1638 descripsisset,
418 1553 593 1618 maximam
627 1553 656 1618 ei
689 1555 828 1640 gratiam
861 1553 1066 1636 haberemus,
1104 1552 1160 1618 sed

146 1641 259 1724 paucis
274 1641 415 1725 exceptis
426 1663 499 1707 cum
508 1643 627 1726 prioris
644 1643 762 1709 aetatis
779 1643 864 1707 bona
879 1641 1000 1726 laudat,
1014 1643 1160 1727 exempla

147 1751 186 1793 ex
204 1729 315 1793 bibliis
336 1730 457 1796 sanctis
477 1732 626 1816 sumpsit,
645 1754 741 1816 quam
761 1731 803 1798 ob
822 1752 891 1794 rem
909 1752 968 1815 pro
989 1730 1159 1796 Germanis

144 1817 335 1901 plerumque
366 1817 508 1884 Hebraei
541 1818 690 1884 laudibus
723 1819 907 1882 efferuntur.
961 1816 1018 1883 Sui
1050 1822 1160 1883 eutem

144 1906 300 1990 temporis
324 1905 492 1972 Hebraeos
518 1907 657 1971 maxime
684 1925 818 1989 perosos
841 1905 957 1969 habuit
979 1904 1159 1989 Amarcius,

145 1997 182 2058 ut
212 1998 289 2059 tunc
323 1995 472 2060 solebant
504 1995 566 2061 viri
599 1993 808 2059 ecclesiastici
840 1992 992 2057 invadere
1020 1993 1157 2059 Iudaeos

144 2082 297 2168 religioso
322 2084 463 2167 quodam
491 2083 599 2148 furore
627 2087 723 2167 atque
747 2081 829 2147 odio.
875 2081 921 2147 Et
944 2103 1026 2167 quae
1048 2104 1158 2148 recen·

143 2172 237 2237 tioris
267 2173 384 2237 aetatis
412 2173 499 2238 mala
527 2175 696 2237 enumerat
717 2175 829 2256 poeta,
857 2171 979 2236 maiore
1003 2192 1042 2236 ex
1064 2175 1158 2256 perte

142 2261 255 2326 hausit
279 2283 318 2325 ex
341 2262 543 2327 satiricorum
562 2260 785 2327 Romanorum
804 2258 936 2345 scriptis
955 2282 1054 2345 supra
1073 2281 1158 2326 com·

143 2354 413 2434 memoratorum,
440 2353 488 2415 ita
515 2354 551 2416 ut
581 2371 677 2435 saepe
699 2350 840 2415 Romani
869 2371 975 2416 mores
998 2371 1057 2434 pro
1081 2347 1157 2413 Ger·

143 2438 279 2502 manicis
298 2439 498 2504 vellicentur.
538 2438 629 2513 Quod
649 2439 843 2521 scriptorum
862 2438 960 2502 medii
978 2438 1049 2503 aevi
1072 2457 1156 2500 com-

142 2547 239 2590 mune
263 2527 379 2592 vitium
403 2548 473 2592 esse
496 2547 591 2591 nemo
616 2527 754 2610 ignorat.

208 2613 333 2680 Auctor
365 2637 494 2683 carmen
527 2636 620 2680 suum
652 2615 686 2678 in
719 2617 874 2697 quattuor
904 2613 1006 2677 libros
1038 2611 1156 2696 divisit,

144 2702 261 2786 quibus
284 2704 440 2768 materiae
464 2704 634 2789 dispositio
659 2703 790 2768 minime
813 2701 996 2786 respondet.
1038 2700 1155 2765 Primis

142 2792 228 2856 enim
251 2790 328 2854 libri
350 2792 448 2874 primi
471 2793 633 2876 capitibus
656 2793 691 2856 in
713 2792 895 2857 communia
922 2789 1002 2854 vitia
1027 2790 1154 2856 locutus

142 2883 180 2944 ut
204 2883 279 2944 sunt
302 2880 439 2944 avaritia
461 2880 561 2946 libido
587 2881 739 2966 superbia
757 2879 895 2964 luxuria,
917 2880 952 2943 in
975 2879 1155 2965 posteriore

141 2973 232 3054 parte
257 2968 332 3033 libri
355 2968 453 3051 primi
477 2972 573 3055 atque
596 2970 632 3034 in
654 2975 725 3036 toto
752 2970 836 3037 libro
865 2968 1003 3035 secundo
1027 2968 1155 3034 Iudaeis

141 3058 346 3125 Christianae
383 3057 457 3121 fidei
494 3057 678 3141 expertibus
710 3080 800 3125 more
836 3059 945 3125 clerici
977 3055 1156 3122 Christiani

143 3147 316 3213 maledicit.
347 3145 434 3223 Quae
453 3168 529 3230 pars
544 3145 650 3231 magis
665 3144 816 3228 episodus
837 3168 918 3231 quae
938 3149 1072 3213 vocatur
1091 3142 1153 3207 dici

140 3241 250 3320 potest
284 3257 381 3319 quam
411 3240 448 3301 ut
480 3238 586 3301 totum
617 3255 746 3299 carmen
779 3237 953 3301 continuet.
1003 3232 1087 3296 Dein
1119 3232 1154 3294 in

212 3447 239 3514 1)
264 3445 295 3501 Id
315 3445 373 3501 iam
393 3443 526 3516 cognovit
544 3443 627 3516 Hugo
647 3442 682 3499 de
699 3442 846 3514 Trimberg
864 3443 895 3499 in
913 3441 1031 3511 registro
1050 3457 1100 3496 suo
1119 3441 1154 3495 de

140 3515 272 3571 Amarcio
292 3514 335 3570 ita
351 3515 476 3571 loeutus:
496 3515 661 3585 „Horatium
679 3515 709 3570 in
729 3515 822 3571 satiris
841 3515 898 3569 suis
917 3511 1069 3567 imitatus.“
