2460 3854
152 158 195 222 84
524 155 627 210 saxu
645 155 823 210 Annaeu-

151 319 213 384 Sed
237 319 317 382 mihi
341 319 424 384 forte
449 318 567 403 aliquis
592 319 684 383 dicit:
707 317 796 383 Mala
819 341 950 402 respuo,
974 319 1055 384 nulli

151 408 245 485 Quod
268 412 383 472 noceat
406 407 504 490 facio,
527 429 587 472 neo
610 409 695 472 latro
720 430 792 471 sum
815 429 874 471 nee
898 408 1039 493 adulter,

97 515 136 555 160
150 498 181 561 A
204 498 327 562 eunetis
352 497 475 562 absisto
499 497 607 580 malis,
632 502 788 580 quantum
803 496 938 580 ¹fragilis
963 519 1015 560 me

150 585 265 651 Carnis
289 585 450 669 permittit
469 584 600 668 levitas3
624 584 700 668 quid
718 587 791 668 plus
811 585 892 649 mihi
911 584 1074 670 agendum
1095 591 1174 655 est?

149 673 224 739 Non
249 676 329 739 satis
354 679 404 739 est
425 674 547 738 vitasse
571 675 707 756 malum,
731 674 832 738 latam
856 674 1013 738 viciorum
1169 697 1172 700 “

150 763 321 828 Dimisisse
345 766 445 845 viam,
468 762 532 826 nisi
556 784 635 848 agas
659 763 759 847 bona3
782 784 841 827 nee
865 763 944 827 satis
969 767 1020 827 est
1045 766 1134 847 quod

151 852 240 916 Mitis
264 875 311 932 es,
335 856 372 927 ut
395 873 505 916 servus
528 873 611 934 pene
636 851 808 915 formidine
832 855 974 934 tanturn,

97 958 135 1023 rea
151 939 195 1005 Ni
218 942 299 1005 bene
323 963 382 1006 eeu
405 940 488 1004 liber
510 940 600 1004 vivas
625 940 782 1004 bonitatis
806 962 924 1005 amore.

290 1289 362 1360 (ΙΙΙ.)
385 1289 424 1344 De
444 1302 475 1345 eo
495 1289 568 1358 quod
586 1290 703 1345 nundus
722 1289 762 1345 sit
781 1289 1024 1360 oontenpnendus.

149 1417 300 1501 Angusta
324 1422 374 1482 est
397 1439 557 1481 summam
582 1439 643 1501 que
668 1416 785 1481 semita
809 1415 897 1481 ducit
921 1417 961 1481 ad
986 1418 1126 1503 aroeml)

151 1506 305 1590 Quisquis
330 1528 367 1572 eo
391 1506 511 1591 tendis,
535 1505 685 1571 fallacem
709 1505 837 1587 despice
861 1505 1031 1572 mundum:

50 1657 54 1665 .
109 1603 111 1607 ’
149 1595 189 1659 In
212 1600 285 1660 oute
308 1595 473 1661 dulcorem
496 1598 675 1679 monstrat,
697 1594 779 1658 latet
802 1594 889 1657 intus
913 1615 1069 1661 amarum.

149 1683 196 1748 Ut
219 1685 351 1749 iuvenes
376 1705 512 1769 quorum
538 1683 657 1768 digitos
682 1686 767 1747 teres
792 1682 908 1746 anulus
933 1687 1040 1763 ornat,

97 1792 135 1830 rro
152 1771 214 1848 Qui
238 1775 361 1855 crispos
384 1795 441 1856 per
465 1773 549 1838 eolla
572 1773 656 1856 pilos
680 1771 850 1836 vernantia
873 1772 996 1836 iactant

60 1862 65 1869 “
148 1860 195 1925 Et
218 1862 399 1925 subtalares
423 1861 528 1944 pictos
552 1860 680 1944 Liguris
706 1863 739 1925 et
762 1863 872 1924 acutos

148 1948 295 2029 Luteolis
320 1950 477 2014 decorant
501 1952 611 2031 spreto
636 1969 755 2033 perone
778 1948 921 2030 pedestri
1017 1937 1020 1954 ¹

148 2038 302 2102 Dicentes
327 2059 450 2102 seeum:
474 2036 551 2120 quid
574 2036 710 2119 pulchra
733 2040 829 2100 nocet
852 2036 927 2101 dare
950 2038 1073 2103 verba?

149 2127 236 2191 Dum
260 2127 420 2211 spondent
443 2126 538 2209 bene,
562 2125 638 2189 dum
661 2146 719 2210 per
742 2124 865 2188 famina
888 2125 965 2190 fieta
988 2127 1116 2210 puellas

96 2233 134 2274 rra
148 2215 311 2281 Induount
335 2215 485 2300 stolidae,
509 2215 661 2298 decerpto
686 2213 764 2278 flore
788 2213 950 2279 recedunt.

149 2304 256 2388 thue
281 2306 364 2370 solet
388 2305 487 2369 blesis
515 2303 604 2369 flenti
627 2303 792 2368 nutrioula
815 2302 950 2389 parvoi)

148 2393 295 2459 Blandiri
318 2394 440 2460 verbis:
463 2394 510 2457 ita
534 2415 603 2457 sese
627 2393 765 2457 mundus
790 2392 913 2456 amanti

148 2481 321 2548 Blanditur
344 2505 404 2568 pro
428 2477 559 2547 iustioia
581 2503 622 2545 ne
646 2481 759 2566 lugeat
783 2481 866 2545 istie.

151 2568 215 2634 Sed
237 2576 274 2635 tu
298 2573 353 2657 qui
376 2571 518 2656 patriam
542 2591 635 2635 ouras
660 2569 822 2652 attingere
846 2592 969 2651 veram,

96 2677 136 2717 180
149 2658 278 2742 Respue
302 2682 379 2742 opes
404 2659 519 2744 falsas,
542 2660 617 2743 fuge
641 2679 715 2741 esea
738 2659 874 2742 negocia
897 2656 1023 2739 mundi,

149 2746 194 2812 Et
218 2768 308 2811 cessa
332 2748 417 2812 huno
441 2752 538 2833 atque
562 2748 647 2812 huno
670 2766 870 2830 precurrere3
893 2767 934 2809 ne
958 2745 1080 2810 oruoiet
1103 2751 1150 2834 te,

150 2834 243 2911 Quod
267 2835 339 2920 quis
362 2836 397 2899 in
420 2835 482 2900 hoo
505 2836 625 2900 mundo
650 2836 692 2900 sit
715 2833 914 2900 fortunatior
938 2840 971 2898 et
995 2835 1080 2919 quod

149 2923 259 2989 Ubera
283 2924 382 2989 vieini
405 2923 470 2988 sint
492 2925 644 2988 uberiora
666 2922 814 3010 perulis)

150 3012 246 3079 Nune
270 3014 380 3078 divina
404 3033 494 3076 sacro
520 3013 658 3076 subsunt
681 3013 888 3097 humanaque
910 3034 1053 3077 nummo.

1133 1473 1142 1506 θ

223 3227 275 3276 164
298 3223 380 3278 Mitis
403 3237 429 3276 ea
452 3221 481 3274 in
503 3237 555 3276 ras.
577 3238 627 3276 ser.
647 3219 676 3275 M
788 3225 838 3274 172
863 3236 885 3276 o.
906 3237 1077 3290 peromnem
1097 3237 1167 3279 eras.

153 3289 293 3374 1795‘240
312 3295 354 3348 ed.
374 3291 511 3348 Hersohel
528 3293 547 3349 1.
566 3291 584 3346 1.
605 3310 632 3361 p.
654 3296 705 3346 124
715 3308 756 3360 sq.
835 3297 886 3347 180
905 3292 1025 3364 Respue]
1045 3290 1166 3348 alterum

151 3381 165 3418 e
183 3380 261 3432 prius
280 3381 296 3420 o

208 3525 239 3583 1)
251 3523 355 3578 Mattlr,
372 3529 394 3593 7,
408 3529 449 3579 14.
505 3526 532 3597 2)
543 3522 579 3584 of.
588 3521 656 3581 Hor.
666 3522 719 3596 up.
728 3523 751 3592 Ι,
760 3527 787 3595 4,
796 3528 821 3579 8.
871 3527 898 3592 3]
909 3521 959 3577 Ov.
969 3521 1061 3575 Amat.
1073 3517 1093 3585 1,
1103 3525 1164 3580 350.
