2468 3826
486 156 702 213 PRAEFATIO.
1051 170 1105 225 vn

85 344 164 407 pore
193 343 265 387 cum
292 321 400 406 priore
428 322 634 387 coniunctam
667 343 736 386 esse
760 342 797 386 eo
822 321 891 386 veri
920 320 1026 385 simile
1051 324 1101 387 est

86 411 172 496 quod
205 410 392 476 foedissima
422 411 457 474 in
484 411 631 495 margine
660 411 824 495 superiore
852 432 873 473 a
898 409 954 475 fol.
982 408 1025 475 32
1053 410 1101 475 in·

86 500 207 585 cipiens
236 499 365 565 macula
392 499 512 564 desinit
539 499 574 563 in
597 497 653 564 fol.
676 498 728 564 42.
774 497 862 574 Quae
885 499 1014 564 macula
1037 498 1101 563 olei

85 591 122 653 ut
144 588 273 654 videtur
295 587 457 653 infusione
481 588 595 652 effecta
618 586 659 653 ab
685 586 810 673 exiguis
829 587 977 670 profecta
995 587 1099 652 initiis

64 716 66 720 -
84 677 244 760 paulatim
264 698 469 742 succrescens
478 674 503 761 ¹)
527 680 655 760 partem
673 677 846 741 verborum
866 696 903 740 eo
927 676 992 741 loci
1014 677 1100 760 posi·

83 770 192 830 torum
220 787 352 849 pessum
379 765 468 831 dedit
495 769 593 849 atque
622 764 790 830 devoravit
817 765 865 829 ita
892 768 929 828 ut
956 765 1011 830 vix
1034 765 1101 850 legi

86 859 229 934 possent.

152 942 244 1019 Quod
271 943 377 1008 sciant
405 943 468 1007 viri
495 942 583 1008 docti
611 942 720 1008 codex'
737 941 930 1006 Dresdensis
955 940 1099 1007 Amarcii

84 1031 198 1096 unicus
229 1034 280 1095 est
305 1051 410 1116 neque
441 1030 522 1095 alias
550 1031 589 1094 de
615 1029 768 1095 Amarcio
797 1030 929 1115 eiusque
958 1032 1098 1095 carmine

85 1118 190 1206 multa
212 1119 307 1184 nobis
331 1118 453 1185 tradita
477 1122 560 1184 sunt.
596 1117 864 1184 Vetustissimum
888 1118 926 1183 de
946 1117 1099 1184 Amarcio

83 1208 236 1273 nuncium
263 1207 397 1293 praebet
425 1204 627 1294 catalogusl)
661 1206 877 1272 bibliothecae
908 1207 1099 1272 monasterii

84 1296 170 1380 quod
197 1295 294 1362 hodie
325 1296 442 1362 dicitur
468 1295 667 1362 Marienfeld.
720 1294 783 1371 Qui
815 1297 986 1382 catalogus
1017 1317 1099 1362 saec.

82 1383 165 1448 XIII
189 1386 327 1470 scriptus
351 1386 437 1450 inter
461 1387 525 1451 alia
547 1389 715 1451 enumerat
737 1384 889 1468 „Librum
914 1406 1098 1450 sermonum

82 1471 228 1539 Amarcii
257 1473 416 1540 metrice“.
463 1474 596 1539 Plenius
624 1473 662 1538 de
690 1472 843 1538 Amarcio
872 1475 1003 1558 eiusque
1032 1495 1095 1538 car·

83 1561 170 1626 mine
204 1562 374 1628 disseritur
406 1563 440 1627 in
471 1564 555 1628 libro
588 1564 640 1627 cui
672 1561 860 1627 inscribitur
891 1561 1098 1647 „Registrum

83 1651 260 1715 multorum
283 1650 452 1717 autorum“
475 1671 634 1735 quemque
661 1651 852 1715 notissimus
879 1654 977 1734 poeta
1000 1648 1098 1736 Hugo

82 1737 121 1802 de
145 1737 318 1825 Trimberg
346 1739 542 1804 ann01288
572 1739 751 1822 conposuit.
797 1737 896 1803 Suius
924 1759 963 1804 ex
990 1738 1098 1804 verbis

83 1826 169 1892 infra
200 1824 352 1913 positis³)
384 1849 477 1912 „cum
510 1827 554 1892 sit
586 1832 699 1893 auctor
735 1827 847 1893 rarus“
883 1827 987 1893 conici
1021 1828 1099 1894 licet
1183 1863 1186 1868 ·

81 1915 226 1981 Amarcii
254 1938 383 1982 carmen
411 1920 487 1982 tunc
515 1917 671 2000 temporis
703 1917 769 1982 iam
801 1937 902 2001 paene
936 1917 1098 1983 oblivione

82 2005 242 2070 abolitum
261 2005 369 2071 fnisse.
404 2004 556 2071 Ceterum
570 2003 668 2091 Hugo
683 2006 753 2089 ipse
768 2005 892 2071 indicat
906 2026 939 2070 se
954 2006 1099 2071 Amarcii

82 2091 224 2158 codicem
248 2095 407 2177 quendam
431 2095 465 2159 in
484 2094 634 2159 manibus
654 2094 815 2178 habuisse,
839 2095 935 2159 aliter
954 2093 1039 2159 enim
1059 2095 1098 2159 de

83 2182 191 2263 operis
210 2181 300 2246 illius
319 2182 527 2248 distinctione
545 2186 613 2247 tam
633 2187 782 2247 accurate
796 2184 885 2268 loqui
900 2203 966 2247 non
981 2185 1097 2266 potuit.

157 2393 183 2459 1)
201 2390 234 2445 In
252 2391 300 2446 fol.
320 2396 355 2446 42
374 2389 499 2446 maxima
517 2391 567 2444 est.
671 2393 698 2459 2)
719 2390 761 2445 ed.
781 2389 956 2461 Kindlinger,
975 2391 1097 2462 Allgem.

82 2461 188 2516 literar.
204 2462 343 2532 Anneiger
358 2466 427 2516 1800
441 2480 468 2531 p.
483 2466 548 2516 523:
568 2461 651 2516 Liber
665 2477 824 2518 sermonum
838 2462 953 2518 amarcii
971 2463 1096 2519 metrice.

81 2536 110 2602 3)
129 2533 171 2588 ed.
191 2531 288 2604 Haupt
305 2533 324 2589 l.
343 2534 363 2588 l.
382 2551 409 2602 p.
431 2538 481 2588 159

241 2604 374 2673 Sequitur
392 2602 549 2672 Amaitius,
568 2604 666 2658 doctor
684 2603 825 2669 veritatis,

242 2675 416 2743 Catholicae,
436 2674 577 2743 satiricus,
597 2676 707 2730 amator
724 2673 892 2742 honestatis,

241 2746 361 2802 Tus-isca
379 2744 526 2816 provincia
544 2761 624 2801 secus
642 2746 729 2813 Alpes
748 2747 844 2812 natus,

242 2818 391 2873 Horatium
410 2817 440 2870 in
460 2816 552 2871 satiris
572 2814 629 2870 suis
647 2816 781 2872 imitatus.

242 2887 362 2959 Scripsit
379 2887 427 2942 hic
445 2886 620 2956 temporibus
640 2887 765 2943 Caesaris
784 2886 922 2956 Heinrici,

242 2959 298 3014 Sed
316 2960 408 3026 cuius,
428 2973 491 3013 cum
529 2957 603 3013 lures
623 2958 690 3025 sint,
710 2958 808 3026 nequit
826 2974 844 3012 a
862 2975 906 3014 me
925 2959 993 3013 dici:

241 3029 316 3084 Reor
333 3031 430 3084 tamen
448 2976 528 3098 quoti
540 3027 626 3084 fuerit
643 3028 790 3084 Heinricus
808 3029 858 3084 ille
876 3027 953 3099 pius,

242 3099 296 3166 Qui
313 3101 406 3156 verbis
426 3104 490 3156 eto
512 3100 605 3156 eribus
623 3103 700 3156 totus
720 3101 781 3155 erat
800 3100 869 3154 dius.

243 3170 369 3237 Quatucr
386 3118 546 3226 uominiius
565 3173 609 3227 est
627 3172 724 3226 auctor
741 3170 765 3224 is
785 3172 901 3226 vocatus

242 3240 342 3298 Sextus
361 3245 391 3298 et
408 3241 551 3298 Amartius
570 3241 667 3298 Gallus
686 3241 885 3311 Pyosistratus.

240 3313 326 3369 Liber
344 3313 390 3369 hic
409 3314 438 3369 in
457 3315 579 3383 quatuor
597 3311 685 3368 libros
705 3314 748 3367 est
767 3310 872 3365 divisus

240 3382 277 3440 nt
296 3385 398 3454 quibus
416 3385 446 3438 in
464 3384 557 3439 varios
576 3398 717 3439 sermones
737 3379 904 3438 subdivisus.

240 3453 317 3511 Haec
337 3455 371 3510 de
390 3455 435 3511 his
454 3454 608 3522 sufficiant,
626 3471 661 3510 ne
680 3453 759 3508 velut
777 3453 890 3522 ignarus

240 3526 399 3581 Amartium
417 3524 573 3597 posuerim,
592 3541 657 3580 cum
675 3522 713 3578 sit
730 3523 831 3579 auctor
847 3540 947 3578 rarus
