2468 3826
128 117 177 184 ’20
504 115 612 172 SEXTI
630 116 785 172 AMARCII

134 282 311 347 Exclamat
332 280 434 366 legio:
458 279 543 356 Quid
566 279 615 344 vis
638 279 869 364 nosperdere,
891 279 1009 345 Ihesu?
1074 344 1079 355 ,

138 369 217 446 Quis
241 368 344 452 pulsis
369 368 454 451 olido
478 368 626 433 concedit
648 390 701 434 are
724 390 822 453 pecus
845 368 970 453 hocque

139 457 303 524 Grunnitu
322 466 423 523 rauco
448 478 482 521 se
505 476 651 542 mergere
675 479 732 539 per
753 457 838 522 freta
861 458 970 523 currit.

82 568 122 608 555
136 547 213 631 Ipsa
237 547 332 611 deum
354 547 452 630 plane
474 549 638 611 testantur
660 546 764 628 facta,
784 546 865 611 duos
889 546 935 611 sic

133 636 319 718 Augentem
342 636 459 720 pisces,
484 636 530 699 sic
553 656 654 718 panes
679 634 819 719 quinque
844 638 1026 700 sacrantem
1049 641 1087 701 ut

134 723 228 789 Milia
251 724 351 809 quina
372 723 543 788 hominum
567 726 719 788 saturans
743 723 868 788 auferre
891 724 1028 789 refertos

134 811 192 878 Bis
217 834 312 877 senos
336 813 429 877 micis
454 809 644 897 cophinos¹)
668 811 830 896 iussisset,
853 833 907 876 eas
930 835 971 877 ne

136 898 236 988 Sorax
259 902 312 967 vel
334 902 436 965 limax
458 901 572 966 tardus
595 901 647 965 vel
670 899 761 984 talpa
784 905 944 966 vorarent.

82 1010 122 1051 555
136 989 281 1076 Regulus
305 990 373 1054 eius
398 1011 493 1074 opem
516 1011 576 1072 pro
599 991 680 1055 nato
703 991 850 1073 postulat
872 1010 964 1076 egro,

135 1079 188 1144 Ad
212 1100 307 1164 quem
329 1077 454 1163 „Vade,
476 1082 551 1143 tuus
574 1079 640 1143 iam
663 1077 744 1143 vivit
765 1078 886 1162 filius,“
909 1078 1024 1163 inquit.

135 1167 198 1230 Ille
222 1167 292 1231 abit
316 1171 348 1231 et
371 1188 486 1230 sanum
509 1167 629 1249 reperit
652 1188 749 1250 quem
771 1167 910 1251 liquerat
934 1189 1057 1253 egrum.

136 1255 206 1320 Hec
228 1255 313 1319 inter
334 1253 498 1337 pascenda
521 1255 602 1319 cibis
626 1255 799 1320 celestibus
822 1259 937 1320 assunt

139 1343 296 1430 Agmina,
320 1346 535 1427 conspectum·
552 1343 690 1426 speciosi
713 1344 817 1408 visere
841 1341 965 1408 Christi

85 1452 125 1494 5³5
140 1432 188 1497 De
212 1454 275 1517 quo
299 1437 345 1497 sic
368 1431 528 1516 quondam
552 1432 668 1497 cecinit
689 1454 746 1497 rex
769 1436 865 1516 atque
888 1433 1061 1517 propheta:

140 1520 256 1586 Gratia
280 1521 381 1608 digna
403 1521 468 1586 tuis
492 1520 609 1586 diffusa
632 1525 682 1585 est
705 1520 739 1585 in
761 1521 871 1605 labiis,
895 1523 951 1607 qui

136 1610 199 1674 Pre
222 1610 330 1694 pueris
354 1611 523 1675 hominum
545 1610 652 1675 forma
675 1610 816 1694 pollente
839 1608 1008 1695 renides.²)

136 1697 320 1764 Nonnullcs
345 1697 467 1764 Christi
490 1699 589 1765 facies
613 1698 799 1784 gratissima
822 1700 895 1764 risu

136 1786 274 1871 Allexit,
298 1787 455 1871 quosdam
478 1788 545 1870 rite
569 1787 717 1853 doctrina
739 1788 904 1872 perennis,

84 1895 124 1936 sco
137 1875 183 1939 Et
206 1874 432 1940 circumfusam
455 1875 564 1939 videas
589 1875 709 1958 stipare
733 1876 912 1960 cohortem,

138 1962 229 2028 Sicut
252 1984 328 2047 apes
352 1963 437 2028 cirea
459 1963 556 2028 flores
581 1963 757 2028 densantur
780 1965 815 2028 in
837 1964 934 2049 Ybla,

137 2050 257 2118 Suavis
279 2052 415 2136 quando·
431 2054 547 2136 petunt
569 2052 684 2136 thyma
706 2053 970 2138 convolitantque
989 2054 1155 2138 gregatim

139 2141 190 2206 Ad
214 2141 380 2224 cithisum,
403 2140 486 2206 unde
509 2140 602 2206 favos
626 2146 783 2226 generent
806 2145 839 2206 et
861 2142 968 2208 dulcia
991 2143 1103 2227 mella3

137 2230 246 2315 thue
269 2229 337 2314 ferp
361 2229 521 2313 Hyrcanis
545 2233 661 2300 coeunt
683 2230 718 2294 in
740 2231 923 2314 montibus,
942 2240 1044 2315 utque

86 2338 125 2378 545
139 2318 179 2383 In
202 2320 311 2404 parvis
336 2321 461 2405 stipant
483 2318 695 2385 formicarum
719 2321 851 2404 agmina
873 2320 974 2386 cellis.

141 2406 220 2483 Quis
243 2430 310 2474 non
334 2409 464 2474 estimet
486 2407 549 2473 hoc
571 2411 728 2493 magnum
751 2409 884 2492 visuque
908 2408 1102 2492 stupendum

140 2494 249 2579 Atque
272 2497 332 2561 deo
356 2497 504 2583 dignum,
527 2495 613 2580 quod
639 2494 789 2561 Christus
812 2497 902 2560 milia
925 2498 1029 2562 multa

139 2583 285 2648 Panibus
310 2605 348 2648 ex
370 2587 482 2668 paucis
506 2583 680 2666 saturavit,
702 2583 866 2669 fragmine
889 2607 1009 2668 panum

139 2670 294 2736 Bissenos
318 2672 444 2756 pridem
468 2675 583 2758 qualos
606 2677 639 2738 et
661 2672 765 2739 denuo
790 2671 946 2760 septem⁸)

86 2779 127 2820 55ο
140 2760 371 2845 Accumulans,
394 2763 451 2845 qui
473 2762 646 2828 invisibilis
670 2762 739 2827 sine
763 2783 858 2841 carne
881 2761 990 2828 farina

139 2849 235 2914 Parit
257 2848 452 2914 inexhausta
476 2848 702 2935 Sareptensem
725 2850 855 2916 viduam
880 2854 977 2935 atque

138 2938 364 3022 Inconsumpti
387 2935 484 3024 olei4)
508 2960 576 3004 non
599 2939 768 3006 deficiente
793 2938 959 3027 lagena⁵)‚

140 3027 242 3092 Arida
264 3027 430 3113 frugiferis
455 3027 560 3092 caruit
583 3050 646 3113 quo
670 3032 816 3113 tempore
840 3029 938 3094 tellus

211 3242 262 3292 537
282 3254 306 3291 c.
326 3238 474 3308 Prepueris

213 3415 239 3482 1)
259 3412 343 3469 Prud.
362 3415 465 3484 Apoth.
486 3419 537 3469 718
548 3430 588 3483 sq.
644 3416 671 3485 2)
690 3413 762 3470 Psal.
782 3420 826 3485 44,
846 3421 870 3470 3.
928 3418 955 3482 3)
972 3410 1054 3467 Prud.
1075 3410 1155 3467 each.

139 3482 187 3552 IX,
206 3489 241 3539 58
249 3502 289 3553 sq.
362 3487 390 3555 4)
411 3491 424 3540 1
444 3486 513 3554 Reg.
534 3491 576 3554 17,
596 3493 620 3541 9.
693 3490 721 3558 5)
739 3487 806 3543 Hor.
824 3484 875 3555 Ep.
895 3484 915 3553 I,
935 3490 960 3552 4,
982 3489 1023 3540 11.
