2468 3826
499 172 608 227 LIBER
626 173 673 229 lV.

82 336 286 421 Mastrugam
308 337 423 420 prebet
447 337 601 401 detonsus
623 335 747 418 forpice
770 356 900 418 vervex,

82 425 128 490 Et
152 425 198 489 sio
222 425 262 488 ad
285 424 381 490 flores
406 425 502 490 ambo
527 429 697 489 servantur
721 423 856 508 apricos,

81 513 229 579 Muscose
253 535 387 597 quercus
412 514 582 578 imitantur
604 512 719 577 fronde
742 509 885 637 miricelp
1032 535 1033 538 ¹

82 602 228 667 Sidereas
252 602 382 685 humili,
406 602 509 667 celsas
531 602 670 667 viburna
693 599 910 687 cupressos),

81 691 244 774 Labrusce
268 688 386 776 vitesl)
408 690 511 774 foliis,
534 693 682 775 pomaria
706 689 803 754 dumi.

81 780 196 863 Lorice
219 781 353 862 confidit
376 801 473 863 eques
497 784 588 846 scuto
612 785 707 864 atque
731 778 853 864 galero

81 870 127 933 At
149 891 209 933 nos
233 868 320 933 alma
342 868 423 933 fides
447 872 541 953 tegat
563 874 596 933 et
618 868 792 933 tolerantia
815 868 917 933 fortis.
1111 886 1150 927 ecs

81 958 215 1023 Forcior
239 961 289 1022 est
311 958 438 1042 patiens
461 958 596 1022 robusto
621 957 737 1041 milite,
761 957 873 1040 quise

81 1046 256 1111 Promovet
280 1050 427 1111 evertens
452 1050 484 1110 ct
508 1046 751 1130 propugnacula
775 1049 807 1119 et
830 1045 936 1109 urbes.

83 1131 148 1211 Qui
168 1135 306 1198 nimium
328 1134 463 1220 fragiles
487 1135 608 1219 probra
631 1139 858 1200 momentanea
880 1134 964 1197 ferre

82 1223 248 1306 Horretis‚
272 1224 348 1307 quid
372 1227 463 1307 tunc,
487 1245 559 1288 cum
584 1223 784 1288 scintillante
806 1223 938 1287 vorabit

82 1311 242 1398 Sulphurc
266 1334 338 1396 vos,
362 1313 412 1377 cui
436 1334 502 1377 non
526 1311 740 1377 salamandris
763 1312 923 1396 prevalet,
946 1311 1057 1396 ignis?
1111 1330 1151 1371 avo

82 1403 150 1465 Aut
173 1401 228 1484 qui
251 1422 337 1466 nunc
360 1401 478 1486 pugnis
502 1402 634 1484 inpacta
657 1401 764 1466 vivere
787 1402 888 1465 bucca

81 1490 278 1571 Pulsataque
303 1490 407 1573 alapis
430 1488 513 1554 facie
537 1489 672 1573 diffidis,
697 1491 745 1569 [at
758 1490 849 1570 orci]

82 1577 223 1661 Agmine
246 1577 387 1641 vallatus
403 1578 511 1640 -miror
535 1599 597 1661 quo
621 1579 772 1658 cor[pore
794 1577 915 1661 possis]

82 1664 209 1750 Iguitos
234 1666 368 1749 clatros,
390 1665 497 1750 ignita
521 1665 677 1750 repagula
702 1664 821 1747 [ferret

84 1753 246 1837 Discipuli
270 1753 420 1818 humanis
444 1753 601 1819 iuuerunt
623 1754 774 1819 fluctibus
799 1757 831 1818 et
854 1774 934 1839 quos
1111 1772 1150 1814 ava

81 1841 203 1926 Vipera
226 1864 292 1907 non
314 1843 402 1926 lesit,
426 1839 547 1930 seps4),
571 1843 768 1927 anphivena‚
791 1842 913 1925 parias,

82 1930 234 2015 Scorpius
248 1936 291 2005 ¹et
315 1932 452 2015 scitalis,
475 1936 615 2016 prester,
638 1931 745 1996 natrix
769 1936 802 1996 et
825 1930 953 2014 ophites

82 2019 202 2086 Sibilus
227 2025 259 2085 et
282 2021 418 2105 ceneris,
442 2020 564 2104 dipsas,
587 2020 691 2086 caculi
715 2024 812 2105 atque
836 2021 956 2103 lacerte

81 2108 276 2174 Mordebant
298 2110 461 2194 homines,
485 2110 540 2174 sed
563 2131 618 2174 ecs
642 2109 802 2192 patientia
825 2130 936 2174 eorum

83 2196 260 2262 Coniunxit
283 2198 418 2280 superis.
464 2197 549 2262 Hinc
573 2201 623 2262 cst
647 2196 733 2281 quod
756 2196 907 2262 fluctibus
931 2197 1009 2262 olim
1111 2217 1151 2257 aso

83 2285 193 2350 Archa
215 2286 323 2349 levata
345 2284 432 2369 Noe,
455 2286 545 2370 quia,
568 2285 642 2355 duur
666 2285 784 2350 tumidi
806 2287 928 2370 probra
952 2285 1063 2350 mundi

83 2371 293 2438 Subsannant
316 2374 545 2458 quatiuntque,
568 2375 673 2439 bonos
699 2375 738 2439 ad
763 2375 867 2439 sidera
890 2372 1051 2461 tolluntl)

82 2461 197 2526 Virtus
221 2484 347 2547 quoque
371 2461 466 2547 cadit,
488 2485 585 2546 quam
609 2485 674 2528 non
698 2463 862 2548 pacientia
885 2460 1020 2550 fulcit.⁶)

82 2550 267 2634 Erumpnas
291 2552 392 2636 igitur
414 2572 473 2634 pro
497 2551 620 2617 Christi
641 2553 749 2637 perfer
772 2573 882 2617 amore

82 2639 165 2725 Has,
190 2641 245 2724 qui
268 2644 455 2705 sanctorum
477 2641 548 2704 fieri
571 2641 757 2725 iubarisque
782 2640 925 2722 supremi
1111 2659 1151 2700 ees

82 2729 224 2795 Affectas
248 2751 391 2794 consors.
437 2729 643 2814 Oportunum
666 2730 728 2792 tibi
751 2750 837 2793 nunc
860 2733 910 2793 est

82 2817 222 2901 Tempus
247 2818 400 2902 querendi
425 2818 569 2901 celestia;
595 2818 742 2882 simodo
766 2819 904 2883 nonvis

82 2905 214 2971 Vincier
237 2907 394 2989 adversis,
419 2926 480 2990 age
503 2912 600 2989 nunc,
623 2928 664 2970 ne
687 2914 720 2970 te
743 2908 951 2972 tenebrarum

155 3139 205 3188 359
226 3152 248 3188 c.
268 3141 358 3190 uenero
376 3150 445 3190 corr.
466 3133 608 3204 Bfidinger
625 3135 643 3189 1.
664 3134 682 3188 l.
702 3153 729 3204 p.
751 3139 802 3188 104
866 3138 918 3187 375
939 3149 961 3187 c.
981 3134 1013 3188 iu
1031 3137 1098 3189 cart

83 3209 223 3260 sss—399
244 3205 287 3260 ed.
305 3205 442 3260 Herschel
460 3207 478 3263 l.
498 3205 517 3261 l.
537 3224 565 3275 p.
585 3210 635 3260 125

156 3405 182 3470 1)
203 3401 260 3455 sol.
280 3401 327 3469 lv,
347 3407 370 3455 a.
434 3471 439 3482 Ι
493 3401 520 3469 a)
539 3398 598 3454 nol.
618 3401 638 3467 Ι,
657 3404 700 3454 24.
721 3405 762 3453 as.
883 3399 910 3467 a)
942 3398 999 3482 nol.
1018 3397 1097 3482 vav.

83 3473 111 3542 4)
134 3478 274 3554 375'.3⁷9
298 3487 313 3526 e
336 3471 442 3526 Lucam
460 3471 556 3525 Phars.
581 3471 789 3538 1X‚712-val
813 3484 876 3522 cum
899 3471 996 3526 multis
1019 3471 1097 3526 vrtns

83 3542 232 3613 desumpti.
312 3544 339 3613 o)
358 3542 426 3599 Aen.
447 3543 467 3611 1,
488 3547 547 3598 103.
621 3543 650 3613 6)
666 3541 749 3597 Prnd.
769 3540 873 3610 Psveh.
890 3545 957 3594 ω,
