2468 3826
499 156 607 212 LIBER
624 158 671 213 III.

84 321 131 386 Ut
155 341 224 385 sese
248 319 320 405 regi
342 320 567 385 commendans
590 325 707 387 cuncta
729 321 868 405 regensi,

81 409 207 474 Fratris
231 430 341 473 amore
365 409 506 473 animam
531 410 681 476 decorare
703 411 770 475 fere
794 410 885 494 piget
908 429 1030 473 omnes.

82 501 128 561 At
151 502 187 562 tu
210 498 265 582 qui
289 497 419 562 domino
443 501 573 582 graium
596 501 629 562 le
652 499 783 564 reddere
807 498 923 582 mavis,
1109 515 1151 557 455

82 587 182 651 Reice
204 586 340 650 livorem
363 585 463 650 fidum
487 588 543 671 qui
567 587 686 652 scindit
709 607 865 670 amorem,

81 675 138 740 Nil
162 675 278 757 saliua,
300 675 360 757 nil,
384 696 454 740 esse
477 679 570 758 pula,
594 698 691 760 quam
713 675 796 741 vella
820 675 994 759 propinqui

82 763 178 828 Velle
202 763 307 849 sequi,
330 768 440 828 tamen
463 769 588 830 utnon
611 764 731 847 laudes,
755 764 783 828 si
806 764 893 828 male
916 763 993 848 quid
1016 763 1097 829 vuli.

83 853 146 928 Qui
170 852 197 916 si
221 852 362 916 situlis
386 853 471 936 quod
495 854 600 937 possis
625 854 785 937 corripere
808 852 914 934 illum,

84 941 217 1025 Corripe
240 945 274 1004 eh
296 945 333 1004 uh
357 945 461 1005 cesset
483 962 632 1025 perverse
655 943 764 1007 vivere
787 941 901 1025 suade3
1111 960 1152 999 460

83 1030 341 1113 Peccantemque
364 1030 413 1092 lui
436 1051 560 1094 memor
582 1031 745 1095 interdum
768 1030 818 1094 fer
840 1030 957 1111 amice,

84 1117 161 1183 Non
185 1139 248 1202 quo
271 1118 419 1202 nequicie
442 1118 642 1183 concordans
666 1119 726 1202 sis,
749 1118 805 1183 sed
828 1118 941 1183 utillo

84 1207 136 1272 Ex
159 1207 279 1270 virtute
303 1209 359 1288 tue
382 1211 608 1292 conpungatur
629 1207 773 1291 pietatisr

83 1295 189 1361 Nemo
214 1294 318 1358 malus
343 1294 450 1359 subito
475 1295 678 1361 damnandus
702 1302 734 1359 et
757 1295 958 1379 abiciendus,

84 1384 230 1449 Dilatum
254 1383 366 1447 lolium
391 1382 485 1449 docel
506 1384 569 1450 hoc
592 1385 754 1469 dilataque
777 1384 867 1449 fieus.
1112 1400 1153 1441 465

86 1472 121 1538 Si
143 1473 277 1536 fratrem
299 1472 423 1536 fervere
446 1472 535 1537 vides
560 1474 716 1538 bonitalis
741 1494 863 1557 amore,

85 1560 168 1625 (lum
191 1561 316 1643 superis
342 1561 473 1626 domino
497 1562 631 1625 cationis
656 1561 784 1625 sedulus
807 1561 907 1643 ymni.

86 1648 213 1724 Quanta
237 1648 280 1712 sil
302 1651 336 1713 eh
358 1649 462 1733 qualis
487 1650 631 1734 dilectio,
655 1649 767 1732 Paule,
790 1655 900 1733 notas,
922 1648 1043 1736 cumllr

85 1735 141 1822 „si
163 1737 285 1821 linguis
309 1737 425 1820 loquar
448 1738 604 1822 angelicis
627 1759 704 1803 vero
728 1737 797 1803 sine
820 1758 944 1821 amore,

86 1825 208 1890 Tinnio
232 1829 269 1889 ut
292 1823 344 1888 es“
367 1827 477 1910 inquis
499 1827 571 1910 „vel
594 1827 679 1892 sicul
702 1825 843 1892 cimbala
865 1827 991 1911 clange.
1114 1845 1155 1885 4⁷⁰

85 1912 120 1979 Si
143 1913 223 1978 mihi
245 1913 422 1979 veridicum
447 1915 564 1981 cedant
586 1916 737 2000 presagia
759 1918 885 2001 vatum,

86 2003 133 2068 At
156 2003 245 2068 cordi
269 2004 377 2068 suavis
400 2004 576 2089 flagrantia
599 2005 683 2069 desit
706 2005 843 2090 amoris,

85 2090 143 2155 Nil
167 2113 251 2176 sum3
275 2096 423 2176 preterea
446 2095 475 2157 si
498 2097 644 2178 cunctas,
667 2115 748 2178 quas
770 2093 891 2177 habeo,
914 2115 965 2158 res

87 2180 308 2264 Inpenaasque
331 2202 419 2245 meas
443 2183 477 2245 in
500 2178 751 2266 pulmentaria&
775 2188 808 2246 et
830 2203 919 2247 escas

86 2267 289 2352 Pauperibus
312 2270 460 2353 prodam,
484 2269 553 2333 sine
577 2291 687 2334 amore
709 2271 809 2334 nichil
832 2271 912 2335 mihi
935 2269 1078 2353 prodest.
1115 2286 1155 2326 4⁷⁵

87 2356 164 2421 Non
187 2355 319 2420 inflatur
343 2378 447 2442 amor,
470 2380 536 2422 non
559 2358 675 2444 ambil,
697 2380 757 2424 nec
781 2381 839 2423 sua
863 2358 980 2442 querit,

87 2444 208 2510 Omnia
231 2445 384 2531 sustinet,
408 2447 518 2511 omnia
541 2451 652 2531 sperat
674 2451 707 2512 et
730 2447 838 2512 omnia
861 2445 991 2511 credil.“

87 2533 173 2609 Quid
197 2533 240 2598 sih
264 2555 368 2619 amor,
390 2535 526 2619 pulchre
549 2536 693 2602 declarat
714 2537 807 2620 virgo
830 2534 995 2600 Iohannes

86 2622 126 2687 In
151 2644 230 2688 cena
253 2622 375 2689 Christi
398 2624 454 2708 qui
476 2625 571 2690 triste
595 2625 742 2692 cubando
767 2624 915 2710 gravarit

86 2709 252 2798 pertuso:
276 2734 367 2777 amor
390 2713 468 2779 deus
493 2716 557 2798 esi,
584 2718 616 2778 et
640 2714 694 2798 qui
717 2716 827 2778 maneb
849 2713 912 2780 hoc
934 2713 968 2778 in
992 2735 1101 2781 amore
1116 2730 1157 2770 480

88 2800 128 2864 In
151 2800 282 2865 domino
306 2805 416 2866 manet
438 2806 471 2866 ei
494 2801 642 2867 dominus
666 2802 818 2887 dignatur
841 2804 875 2868 in
898 2804 971 2887 illo,

88 2887 175 2952 Dum
198 2910 264 2952 non
288 2889 358 2954 vuli
382 2890 423 2953 ab
448 2912 557 2956 amore
581 2891 635 2975 pio
659 2913 799 2975 cessare,
823 2915 961 2957 manere.

158 3121 212 3170 454
232 3133 254 3170 c.
274 3121 393 3171 curatore
500 3118 568 3190 fere]
589 3119 710 3188 primurn
729 3137 743 3174 e
761 3122 845 3174 antea
863 3119 875 3172 i
982 3121 1034 3170 459
1053 3117 1104 3240 Ἥ

88 3189 173 3242 antea
191 3194 223 3242 ut
312 3192 363 3242 467
383 3189 499 3243 corlenis
518 3190 565 3256 (an
584 3191 756 3258 canturam)
780 3190 890 3244 sedulus
908 3188 985 3257 ymni
1004 3204 1055 3241 scr.

88 3258 277 3328 (scribendum
296 3260 377 3328 puto:
397 3260 524 3314 cantabis
540 3261 651 3315 sedulus
668 3264 774 3330 ymnos)
878 3263 929 3312 479
954 3273 977 3312 e.
997 3259 1105 3313 laeena

84 3531 102 3578 4
134 3457 186 3578 151)
208 3461 221 3507 ²
243 3455 302 3511 ⁰⁰¹·
323 3459 365 3526 ¹³2
385 3459 463 3511 ¹·7·
520 3455 550 3526 ἓ)
571 3453 609 3512 cl.
624 3452 700 3512 nor.
715 3450 962 3520 saumuro,
991 3447 1030 3507 ss
1041 3438 1157 3490 nso.
