2468 3826
140 141 181 205 10
505 141 611 195 SEXTI
629 141 783 196 AMARCII

83 326 124 367 250
138 300 270 390 Lama¹)
296 303 345 386 vie
370 304 494 369 similes
518 302 642 368 deludit
664 326 736 369 sero
760 304 901 386 viantes,

136 391 230 456 Meiit
253 392 341 456 etin
365 396 503 457 stratum
527 392 604 457 dum
627 395 740 476 potum
765 393 906 458 somniat
929 393 1047 460 infans.

136 479 209 546 Hoc
232 484 265 544 et
287 481 458 566 pontifices
482 481 615 564 vicium,
639 481 666 544 si
690 481 844 564 creditur,
869 486 965 565 atque

137 570 284 633 Abbates
307 570 439 652 premit,
463 570 520 655 ah,
542 570 768 635 documentum
793 569 1009 654 flagiciosuml

137 655 280 722 Clericus
303 658 379 723 hinc
401 680 541 723 canones
565 658 722 722 avertitur
745 663 778 722 et
800 657 968 723 Benedicti
1087 654 1089 658 '

83 769 122 810 255
136 746 315 812 Monachus
338 748 484 812 iniuncta
507 747 746 830 claustrumque
770 747 966 831 chorumque
989 748 1098 831 perosi

136 834 445 920 Parmacopolarum
467 836 553 900 male
577 835 700 900 olentia
722 839 810 901 tecta
832 835 1054 920 frequentant,

136 923 224 989 Proh
247 925 352 989 dolor!
376 929 409 989 et
433 924 546 989 sceleri
569 925 597 989 si
620 929 751 1009 compta
772 925 943 990 iuvencula
966 924 1060 1009 desit,

137 1011 326 1078 Succumbit
348 1018 473 1078 veteres
497 1013 626 1078 ululans
649 1013 799 1078 edentula
822 1010 978 1100 cantus.²)

136 1101 250 1166 Visere
272 1122 358 1166 nunc
379 1102 509 1166 discunt
532 1103 698 1167 meritoria
720 1102 796 1167 feda
818 1103 972 1186 scolares,

83 1213 123 1253 rao
138 1188 328 1254 Sanctarum
352 1189 483 1272 fugiunt
505 1189 693 1255 habitacula
716 1191 951 1274 relliquiarum,

136 1276 211 1342 Non
233 1277 337 1361 turpis
360 1277 470 1357 flatus,
493 1300 560 1343 non
583 1278 658 1342 illos
681 1276 843 1363 polipus³)
867 1283 955 1344 arcet

135 1365 211 1432 Non
233 1387 315 1430 unce
337 1388 448 1449 nares,
471 1388 537 1431 non
561 1367 775 1450 dependentia
798 1368 899 1432 labra.

136 1453 293 1520 (lordibus
317 1455 469 1520 humanis
493 1477 551 1520 ceu
573 1455 705 1520 flamma
728 1456 851 1520 insistit
875 1455 982 1521 ofellis

136 1542 288 1629 Saevus4)
314 1567 418 1629 amor,
442 1547 580 1629 quinos
604 1544 798 1609 confundere
821 1542 924 1629 iural)
947 1545 1106 1628 fidemque

83 1655 122 1695 scs
137 1631 311 1718 Oonpellit3
336 1656 450 1698 renum
473 1633 521 1698 nil
544 1633 749 1718 inportunius
773 1634 861 1720 igne!
987 1629 991 1633 ’

428 1963 497 2033 (IV.)
520 1963 646 2020 Invoctio
665 1965 695 2019 in
713 1963 856 2032 superbos.

135 2087 229 2153 Nunc
253 2089 333 2153 mihi
357 2090 395 2155 de
420 2112 512 2155 sacro
535 2092 754 2177 perstringere
776 2111 880 2176 pauca
903 2095 1045 2175 tumore,

136 2177 256 2263 Quero,
279 2178 370 2262 deus,
393 2182 516 2263 presta,
540 2180 595 2264 qui
618 2185 706 2245 certo
730 2180 860 2245 tramite
883 2180 994 2244 lunam

135 2266 260 2353 Dirigis
284 2268 469 2353 obscuram,
493 2291 555 2353 quq
578 2269 683 2353 prima
705 2269 810 2334 nitore
833 2266 989 2356 bicornil)

135 2356 299 2422 Paulatim
323 2379 470 2422 crescens
494 2359 590 2441 pleno
615 2362 704 2423 secat
726 2359 803 2423 orbe
827 2359 992 2436 tenebras,

82 2468 121 2509 mo
136 2444 241 2509 Maior
265 2446 312 2510 eis
336 2468 397 2531 que
422 2451 499 2511 sunt
521 2447 556 2510 in
578 2445 709 2532 signum
733 2446 893 2511 classibus
916 2443 1038 2525 astrol)

134 2532 289 2617 Plyades,
312 2534 484 2618 Artofilax‚
509 2531 683 2618 Oinosura,
707 2537 877 2618 Arcturus,
900 2533 1014 2618 Orion,

135 2620 322 2706 Regnorum
346 2627 469 2689 statum
492 2624 607 2689 solitus
631 2628 756 2688 mutare
780 2619 968 2706 cometes3),

135 2709 185 2774 Ac
207 2709 332 2793 Tytane
356 2711 477 2796 minor,
501 2713 556 2797 qui
578 2714 689 2777 lumen
712 2711 742 2776 ei
764 2711 841 2776 dare
864 2711 980 2795 fertur,

135 2852 347 2862 ‚..-.—-...⁴-

206 2924 257 2974 263
278 2935 300 2974 c.
321 2919 424 2974 albatos
442 2936 511 2975 corr.
531 2920 654 2990 nigriore
673 2924 831 2982 atramento
907 2926 959 2975 266
980 2938 1002 2975 c.
1021 2889 1152 2978 monulus

134 2996 186 3045 266
202 3008 225 3046 c.
241 2991 348 3046 Parma
362 2991 519 3059 copularum
581 2997 633 3046 262
652 2995 768 3048 scolares
798 3009 862 3046 rex
877 2993 887 3047 l
900 3008 962 3046 corr
1017 2998 1069 3047 264
1088 3010 1150 3048 coo

133 3062 261 3145 ftucdcrc]
280 3061 357 3132 prius
375 3062 546 3129 confundere
610 3068 661 3118 267
684 2994 784 3134 Querol
803 3080 826 3119 c.
844 3062 927 3133 Quirc
990 3069 1043 3119 270
1062 3080 1085 3119 c.
1106 3066 1150 3119 in·

134 3148 251 3202 saonam.

208 3296 234 3360 1)
253 3293 338 3348 schol.
358 3292 459 3346 Acron.
479 3292 516 3347 ad
534 3291 600 3347 Hor.
619 3291 670 3360 Ep.
690 3292 710 3360 1,
731 3298 773 3358 13,
794 3297 836 3348 10.
897 3294 926 3362 2)
945 3291 1027 3347 Prud.
1048 3292 1148 3347 Perist.

134 3362 167 3430 X,
186 3368 247 3418 305.
329 3366 356 3431 3)
377 3365 477 3418 Acron.
496 3363 532 3417 ad
550 3364 617 3418 Hor.
636 3362 724 3432 Epod.
745 3369 787 3433 12,
807 3369 830 3418 6.
912 3367 941 3430 4)
961 3361 1011 3418 Or.
1030 3363 1093 3418 Am.
1111 3363 1146 3432 ΙΙ,

136 3439 178 3499 10,
199 3441 240 3490 12.
296 3437 323 3504 6)
343 3434 393 3489 Ov.
407 3433 474 3488 Met.
492 3433 526 3500 X,
541 3440 602 3488 346.
657 3439 684 3498 6)
702 3433 769 3490 Hor.
789 3451 813 3490 c.
832 3449 904 3493 saec.
924 3438 1009 3501 35sq.
1064 3438 1091 3506 7)
1112 3433 1148 3490 cf.

133 3500 181 3573 111,
201 3510 262 3559 638.
336 3506 364 3574 8)
383 3503 487 3580 Lucan.
507 3504 602 3562 Phars.
622 3503 643 3576 Ι,
661 3510 722 3562 629.
