2468 3826
139 113 183 178 42
510 111 616 167 saxrr
634 110 787 166 xnnacn

139 276 323 342 Interitum.
368 273 472 339 Pravo
496 275 638 339 divertas
662 275 794 339 tramite
817 275 913 340 malo.

141 364 259 429 Saulus
284 364 324 428 ab
349 365 468 427 erroris
493 363 641 428 discessit
664 363 747 428 calle
771 363 921 428 Damasci

141 451 335 536 Sedavitque
359 451 553 537 strophasl)
600 452 778 517 Tuscorum
802 456 835 515 et
858 451 1122 536 Cecropidarnm

87 560 127 599 aco
142 540 252 606 Stoica
275 541 371 605 cessit
394 541 424 605 ei
446 541 540 624 plebs
565 544 662 623 atque
685 540 867 605 academica
891 538 1021 627 secta.²)

139 629 225 694 Hinc
248 651 375 715 quoque
400 627 549 694 Christus
573 631 621 693 ait
645 630 787 693 celorum
811 629 988 714 clavigero,
1012 652 1117 713 quem

139 717 237 783 Victa
259 722 363 783 morte
387 718 450 782 sibi
474 717 589 782 statuit
612 717 712 782 fidum
736 717 925 802 opilionem,

137 806 237 872 Petro
260 807 299 871 de
324 807 419 871 venia
441 806 647 891 percontanti
670 807 856 889 tribuenda,

139 896 354 962 Gratianum
377 894 470 979 venie
493 898 543 959 ter
567 895 673 959 danda
696 899 873 979 quaterque
896 897 1093 979 propinquis
1101 896 1145 985 ³):

84 1001 125 1041 ⁵95
138 984 234 1069 „Non
257 987 384 1049 tantum
409 983 484 1067 tibi,
507 983 616 1065 Petre,
639 984 734 1048 modo
759 983 925 1048 dimittere
946 984 1043 1049 fratri

137 1074 251 1138 Indico
274 1073 401 1138 vicibus
425 1076 563 1156 septem,
587 1094 660 1136 cum
684 1072 859 1156 exorbitat,
882 1073 982 1137 immo

137 1160 298 1227 Undecies
322 1162 445 1243 septem
469 1161 544 1225 volo
568 1182 760 1225 conservare
783 1181 908 1225 memor
931 1157 1018 1245 olef)

137 1249 290 1313 Preterea
313 1269 370 1313 vos
395 1249 530 1333 quispe
555 1248 754 1332 desperando
779 1270 918 1333 superna

138 1337 328 1421 Despicitis,
352 1358 433 1420 quos
457 1341 490 1401 et
512 1358 624 1402 vecors
648 1335 779 1401 inscitia
802 1337 926 1404 Christi

84 1444 125 1483 600
138 1426 251 1491 Efficit
273 1427 481 1504 inmemores,
505 1424 622 1509 audite,
644 1447 767 1509 precor,
791 1425 874 1509 quod
899 1427 933 1490 in
957 1448 1050 1491 aures

137 1515 327 1580 Instillante
352 1515 411 1580 deo
434 1515 533 1578 libuit
556 1514 740 1599 dispergere
764 1512 930 1600 vestras.⁵)

137 1604 200 1669 Est
222 1627 324 1689 prope
348 1603 505 1687 Sydonias
529 1603 607 1668 urbs
631 1604 760 1668 nomine
783 1602 907 1667 Biritus
931 1601 1062 1689 horas⁶)

137 1691 206 1757 Nec
230 1693 409 1778 longinqua
433 1691 531 1776 Tyro,
555 1692 681 1756 sancita
703 1692 776 1776 lege
793 1692 961 1756 ‘tributum

137 1779 235 1844 Urbis
260 1781 458 1865 sceptrigero
482 1781 667 1865 persolvens
691 1781 903 1864 Antiochene.

84 1885 123 1925 605
139 1868 202 1933 Hic
226 1890 315 1932 sacre
340 1867 470 1951 quidam
493 1869 686 1952 purgamine
709 1869 848 1933 mundus
874 1870 970 1955 aquai

140 1992 178 2003 -
203 1956 331 2039 Pauper
354 1956 482 2039 quando
507 1955 591 2039 sitit,
613 1977 679 2021 non
704 1979 801 2021 aurea
824 1958 942 2042 pocula
966 1959 1074 2042 querit
1098 1996 1140 2007 —

136 2044 230 2109 Exile
254 2045 439 2128 hospicium
462 2044 570 2128 precio
595 2048 768 2130 mercatus,
792 2047 826 2110 in
847 2047 907 2111 illo

135 2133 290 2220 Effigiem
313 2132 388 2198 Iesu
411 2134 486 2198 lecti
509 2137 642 2218 propter
666 2135 844 2199 stacionem

135 2222 223 2287 Fixit
247 2227 279 2287 et
302 2223 460 2288 archanos
485 2223 608 2287 studuit
629 2227 758 2288 ructare
781 2227 940 2308 precatus.

82 2328 123 2366 610
136 2311 216 2376 Post
240 2313 299 2376 hec
323 2312 448 2376 diviciis
472 2312 671 2377 undantibus
695 2317 767 2377 arta
789 2312 916 2396 potenti

136 2399 357 2484 Proveotoque
379 2401 448 2465 viro
473 2421 548 2465 casa
570 2421 629 2484 pro
654 2401 788 2465 minimo
813 2400 887 2483 fuit,
909 2403 947 2464 ut
970 2399 1017 2465 fit.

137 2485 262 2552 Stultus
287 2494 320 2553 et
341 2491 529 2554 inconstans
553 2487 659 2552 inhiat
682 2488 767 2572 quod
790 2509 857 2552 non
878 2489 991 2573 habet,
1015 2489 1076 2554 hoc
1101 2490 1129 2553 si

135 2575 240 2640 Detur
263 2577 306 2660 ei,
330 2582 472 2662 spernat;
498 2576 647 2641 dominus
671 2597 798 2660 quoque
822 2577 890 2640 sive
913 2578 1070 2662 magister

137 2662 312 2747 Suspectus
336 2687 468 2749 presens
491 2666 596 2730 bonus
620 2669 669 2729 est
693 2668 726 2729 et
749 2667 921 2730 strennuus
945 2667 1072 2731 absens.

81 2769 121 2809 era
136 2751 212 2816 Mox
235 2753 430 2818 utensilibus
454 2756 578 2820 maiora
602 2754 642 2818 ad
664 2753 773 2838 menia
795 2754 898 2836 raptis

135 2841 299 2906 Inmemor
322 2842 459 2906 excessit
482 2843 582 2905 solius
607 2840 788 2929 virginis⁷)3
811 2843 873 2907 hoc
898 2843 943 2908 sic

207 3073 259 3123 589
279 3085 301 3123 c.
321 3069 522 3136 cetropidarum
609 3072 659 3122 593
679 3085 701 3123 c.
721 3069 835 3123 devecta
918 3075 969 3126 603
989 3086 1011 3125 c.
1030 3070 1152 3125 sanctita

209 3264 235 3331 1)
255 3264 327 3318 Acta
347 3279 391 3331 ap.
411 3267 436 3328 9,
456 3268 480 3318 3.
502 3267 543 3315 19.
618 3264 645 3330 2)
665 3261 737 3316 Acta
755 3279 800 3332 ap.
822 3269 864 3332 17,
885 3270 926 3320 18.
999 3265 1027 3334 3)
1046 3263 1148 3318 Matth.

137 3337 179 3396 18,
198 3340 241 3389 21.
310 3337 337 3402 4)
357 3333 456 3390 Matth.
478 3339 519 3401 18,
539 3338 583 3388 22.
648 3334 675 3404 o)
695 3333 860 3389 Miraculum
880 3333 1023 3406 sanguinis
1043 3333 1151 3389 domini

135 3403 288 3472 Berytense
306 3404 379 3475 apud
396 3405 488 3459 Mansi
505 3420 579 3458 nova
598 3405 780 3460 conciliorum
800 3405 929 3462 collectio
946 3404 1019 3474 XIII,
1033 3410 1149 3461 23-30.

136 3476 162 3538 6)
181 3475 200 3530 i.
219 3490 243 3530 e.
262 3492 333 3530 oras.
406 3479 432 3544 7)
452 3476 470 3530 i.
490 3491 514 3531 e.
533 3475 663 3531 crucifixi.
