2468 3826
500 166 610 221 LIBER
628 165 675 222 IV.
1055 167 1097 232 89

82 330 203 416 Accipe
228 331 313 414 quod
336 330 450 414 reddo,
472 330 589 415 longos
613 329 715 394 miror
738 328 930 411 [sapientes]

82 419 186 484 Albos
211 420 363 503 audaces,
385 441 452 484 non
470 420 539 484 iure
564 418 725 484 calumnie
751 418 900 502 [nigros]
1112 439 1151 480 333

82 508 132 573 Tu
157 510 219 573 scis
243 508 327 592 quod
351 508 479 591 sapiens
503 506 639 572 Zebedei
662 507 747 572 filius
771 503 929 594 in[quit?]

84 595 212 681 Cetera,
236 597 328 677 dicit,
352 618 464 661 amans
488 596 651 661 mundana
675 596 771 660 deum
795 596 909 681 fug[it‚
932 596 1019 678 ciel]

82 684 149 749 Vin
172 707 297 770 semper
318 686 428 752 vivam
451 687 533 751 bene
556 706 616 749 nec
638 686 821 768 prevaricer
843 685 952 770 inique

82 774 199 839 Eterni
221 775 376 840 mandata
398 774 472 838 dei?
518 773 596 849 Quis
620 795 747 857 semper
769 773 915 857 iniquam

83 863 281 949 Obpugnarc
303 867 414 948 potest
437 863 553 947 aciem,
576 863 640 927 nisi
664 884 758 946 quem
781 862 873 926 iuvat
894 862 964 946 ille,
1111 884 1152 924 333

84 951 154 1028 Quo
177 953 361 1018 retrahente
386 974 500 1016 manus
524 950 682 1015 Amalchc
705 951 757 1015 lec
781 952 863 1016 sevit
886 954 923 1015 ut
946 950 1048 1017 Afer?

82 1039 197 1106 Nemc.
244 1040 307 1106 Sed
329 1041 449 1105 idcirco
473 1040 628 1104 debemus
650 1039 783 1105 tendere
806 1039 881 1104 nisu

83 1128 204 1195 Omnes
228 1130 374 1194 unanimi
397 1129 526 1211 celestis
551 1129 591 1193 ad
615 1128 699 1192 atria
722 1129 798 1213 vite.

83 1217 130 1282 At
154 1219 286 1283 minime
311 1219 429 1282 scimus
455 1218 526 1301 quis
549 1221 762 1302 perventurus
787 1238 824 1281 eo
849 1217 906 1301 sit,

83 1305 178 1371 Solus
200 1329 341 1391 namque
365 1307 443 1371 deus
465 1307 574 1388 novit,
598 1328 678 1390 quos
701 1305 852 1386 destinet
865 1306 952 1371 illuc.
1112 1326 1151 1367 333

83 1394 173 1481 Ergo
198 1397 252 1480 qui
276 1396 382 1460 bonus
406 1399 457 1460 est
478 1395 729 1478 illustratusque
752 1395 880 1460 videtur

83 1484 252 1549 Virtutum
275 1484 389 1567 radiis,
412 1506 478 1549 non
502 1484 697 1567 ampulletur
718 1484 753 1547 in
775 1481 885 1564 illust)

83 1572 233 1636 Viventis
257 1576 343 1637 recte
367 1571 439 1637 laus
463 1576 513 1636 est
534 1573 569 1635 in
592 1573 655 1636 fine
678 1570 830 1636 canenda.

83 1659 194 1724 Nauta
218 1661 294 1724 licet
317 1660 452 1743 placidis
477 1661 663 1725 committat
686 1660 821 1724 carbasa
845 1659 965 1742 ventis,

83 1748 160 1813 Non
181 1749 271 1833 prius
296 1752 346 1813 est
368 1751 471 1830 tutus,
495 1771 593 1832 quam
618 1749 753 1831 corripit
776 1747 919 1813 anchora
941 1751 1080 1832 portum.
1113 1771 1155 1811 333

83 1836 175 1902 Adde
199 1837 284 1921 quod
308 1836 486 1921 Hesperias
510 1860 583 1902 cum
606 1837 704 1902 Titan
726 1838 834 1923 vergit
855 1837 890 1901 in
913 1834 1064 1924 undas²)‚

83 1925 227 2012 Dignum
251 1927 345 1992 laude
369 1927 455 1992 diem
479 1927 606 1992 demum
631 1949 692 2011 que
716 1927 833 1992 claruit
857 1926 958 1991 aiunt.

82 2015 128 2080 Ec
151 2017 207 2100 qui
230 2016 390 2082 finetenus
414 2038 479 2081 non
505 2020 614 2081 servat
636 2016 762 2100 premia
784 2015 900 2099 perdit.

84 2102 210 2168 Stultus
235 2110 328 2189 cepta
350 2106 471 2188 probat
493 2106 592 2182 bona,
615 2104 757 2189 prudens
780 2104 898 2169 ultima
922 2107 1056 2187 spectat.

85 2191 153 2256 Hec
176 2212 237 2276 ege
261 2215 318 2257 vos
343 2194 456 2276 doceo,
479 2192 587 2256 docuit
610 2215 661 2256 me
684 2214 811 2256 summa
835 2191 952 2276 sophia
1112 2212 1154 2254 333

85 2277 217 2344 Scilicet
240 2281 459 2363 omnipotens,
481 2280 541 2362 hec
565 2285 710 2345 exercete
733 2280 853 2345 fideles.

120 2648 189 2719 (IV.)
215 2648 254 2703 De
273 2661 305 2704 eo
325 2648 398 2718 qued
415 2661 470 2704 nen
487 2648 713 2790 poddiieididum
731 2647 853 2722 celerum
870 2647 980 2716 acquiri
998 2649 1058 2706 sine

85 2825 259 2893 (lodicibus
284 2829 384 2893 saeris
408 2829 449 2893 ad
471 2832 620 2894 nostrum
643 2829 774 2894 tendere
798 2829 913 2895 docma

85 2914 189 3001 Illita,
212 2938 307 3001 quem
330 2917 453 2982 lateat?
500 2918 659 2994 Quoniam
684 2918 712 2982 si
734 2919 854 3004 iugiter
877 2919 944 2983 illis

85 3003 213 3088 Pupula
235 3008 401 3089 pascatur,
425 3027 521 3089 quam
544 3007 695 3072 novimus
719 3029 790 3072 esse
813 3008 977 3073 lucernam

156 3218 208 3268 304
218 3230 279 3283 sqq.
302 3215 380 3270 uncis
397 3215 500 3271 inclusi
517 3215 574 3272 loci
592 3215 711 3270 maculis
730 3214 870 3285 deperditi
888 3216 944 3271 iam
963 3216 1022 3271 lere
1040 3216 1099 3286 legi

84 3302 139 3339 non
157 3286 277 3353 possunt
363 3292 414 3341 306
433 3303 456 3343 c.
478 3287 575 3343 Tuccia
656 3291 751 3349 3083.
774 3285 835 3341 Vim
914 3292 966 3342 311
986 3304 1009 3344 c.
1028 3289 1098 3356 affer

84 3362 136 3410 314
155 3355 207 3426 Ae]
228 3373 249 3410 c.
275 3355 309 3410 Ue
381 3363 432 3411 333
452 3376 474 3413 0.
494 3360 576 3415 serae

157 3536 183 3603 ι)
202 3535 267 3591 nor.
287 3533 337 3604 np.
357 3535 378 3603 1,
397 3540 422 3602 3,
444 3539 485 3589 33.
559 3536 586 3605 3)
605 3534 671 3590 nor.
691 3533 719 3590 c.
738 3532 773 3602 11,
793 3537 838 3601 n„
854 3537 901 3588 ae.
