2468 3826
499 135 609 189 alana
627 134 674 192 III.
1055 135 1097 200 65

80 314 139 383 (V.)
166 312 206 368 De
224 311 355 367 Eufronio
379 311 494 367 docento
518 311 591 380 quod
609 313 700 367 onnia
718 311 748 366 in
767 312 888 368 caritate
908 313 1022 370 condita
1040 314 1098 369 sint

376 384 406 438 et
423 383 453 438 in
472 396 505 438 oa
524 382 682 438 consistant
701 383 798 438 omnia.

85 493 210 557 Parvus
234 511 294 576 egc
318 491 399 576 vidi,
423 496 511 556 certa
534 493 560 557 si
583 496 690 556 mente
713 493 875 577 recordor,

81 580 288 665 Eufronium‚
311 580 350 644 de
374 602 437 665 quo
462 581 686 645 memorabant
709 585 787 645 tuno
811 581 894 664 quod
918 583 1043 649 ineius

84 670 218 736 Pectore
242 691 337 734 verus
362 691 454 734 amor
477 670 683 754 consisteret,
706 669 897 735 illecebrosa

84 759 203 824 Omnia
224 761 392 842 respueret
415 758 531 823 solitus
555 758 600 822 sic
623 759 740 823 dicere:
763 757 914 841 „Fratres

82 847 291 913 scismaticos
316 847 420 930 fugite
444 852 477 911 et
500 847 625 912 vinctos
649 846 858 912 anathemate
883 847 929 912 sio
952 870 993 912 ne

82 935 146 1001 Vel
169 936 297 1001 dicatis:
322 957 388 1001 ave.
434 935 524 1000 Fidei
548 936 643 1000 sociis
667 935 742 1001 date
766 936 865 1018 fedus.

82 1024 201 1090 Federe
225 1026 271 1090 nil
295 1024 426 1108 melius,
449 1024 600 1089 consistit
622 1024 729 1089 federe
752 1023 920 1088 mundus.“

81 1112 151 1196 Hec
175 1135 249 1178 cum
272 1112 439 1193 discipulis
463 1113 596 1178 iteraret
620 1113 763 1196 sedulus,
786 1135 869 1178 unus

84 1202 135 1266 Ex
158 1202 223 1266 illis
248 1202 294 1266 ait
317 1200 407 1286 „Hoc
430 1202 538 1286 nobis,
561 1205 654 1285 pater
678 1201 813 1285 optime,
836 1202 928 1267 fedus

81 1290 250 1375 Exprime‚
274 1312 337 1374 quo
360 1291 498 1355 mundus
523 1291 697 1355 concordat
718 1289 884 1355 iunctus1⁴‘
928 1289 974 1355 Et
996 1291 1066 1356 ille:

79 1379 169 1463 „Hoc
192 1379 283 1443 fedus
308 1379 385 1443 deus
409 1383 473 1460 est,
498 1378 567 1443 sine
592 1401 656 1464 quc
679 1379 801 1443 factum
824 1380 939 1464 nichi13
963 1379 1034 1464 ipse

80 1467 205 1533 Cuncta
227 1468 262 1532 in
285 1469 459 1551 principio,
484 1466 602 1532 Genesi
624 1471 780 1549 testante,
804 1470 938 1533 creavit:

81 1555 284 1638 Degenerem
307 1557 376 1619 sine
398 1556 470 1620 luce
493 1556 618 1639 polum,
642 1557 710 1620 sine
734 1557 878 1640 germine
901 1560 1021 1641 terras,

80 1641 266 1728 Stagnaque
289 1643 445 1730 legitimis
469 1645 611 1710 nondum
636 1645 799 1709 currentia
821 1645 911 1729 ripis.

80 1731 171 1796 Tunc
193 1731 383 1796 inmortales
406 1732 647 1818 invisibilesque
671 1736 816 1798 catervas

81 1818 260 1905 Spirituum
283 1821 353 1884 fieri
376 1821 486 1904 iussit,
510 1822 565 1887 sed
590 1821 729 1906 qualiter
751 1821 827 1886 illos

81 1906 282 1991 Condiderit,
306 1930 372 1973 non
396 1914 446 1974 est
468 1910 635 1974 hominum
660 1910 893 1994 conprendere,
916 1912 1003 1977 solus

77 1995 115 2061 Id
139 1998 242 2063 factor
263 1999 369 2083 novit,
393 1998 585 2063 credendum
610 2003 660 2064 est
683 1999 820 2083 denique
843 1999 976 2065 factos.“

78 2084 167 2170 „Qua
190 2087 356 2152 ratione?“
400 2087 524 2172 „Deum
547 2092 655 2171 preter
679 2092 756 2152 sunt
779 2089 889 2153 onmia
911 2089 1006 2155 facta.

80 2173 198 2239 Omnia
221 2180 297 2240 sunt
319 2176 420 2260 facta,
443 2175 549 2240 factor
571 2197 637 2240 non
659 2176 764 2241 factus
789 2177 935 2242 habetur.

80 2261 149 2328 Hos
175 2267 284 2328 autem
307 2264 397 2346 fecit,
421 2285 485 2347 quo
510 2285 624 2348 seper
648 2266 756 2330 secula
779 2270 896 2330 cuncta

78 2351 277 2436 Laudarent,
300 2352 391 2436 digni
414 2351 558 2415 divinum
582 2373 711 2418 cernere
735 2350 902 2438 vultum.1)

79 2440 142 2516 Qui
164 2440 246 2504 tales
271 2445 406 2523 potuere
429 2444 539 2504 tamen
561 2462 706 2524 pecuare,
720 2442 888 2524 ¹superbus

79 2528 191 2594 Donec
210 2529 335 2594 siderea
358 2529 497 2595 fratrum
520 2529 647 2596 delator
670 2532 711 2595 ab
736 2529 811 2595 aula

79 2616 240 2701 Concidit,
264 2640 303 2682 ex
325 2618 394 2684 eius
418 2620 514 2684 modo
539 2620 711 2703 spirituum
735 2617 868 2702 agmina
891 2617 986 2702 lapsu

79 2705 277 2772 Confirmata
299 2708 378 2773 mali
400 2712 565 2792 nequeunt
588 2706 788 2772 committere
812 2706 999 2793 quicquam,

77 2793 162 2860 Nam
186 2796 328 2860 custodit
351 2818 405 2861 eos
429 2797 533 2880 pietas
557 2796 660 2861 livore
683 2799 820 2861 remoto.

148 2993 288 3043 cal-ott
309 2989 351 3043 ed.
371 2986 509 3041 Herschel
526 2987 544 3042 1.
564 2987 582 3044 l.
602 3005 629 3057 p.
646 2993 709 3054 1233
728 2993 869 3045 571-681
890 2989 933 3044 ed.
948 2988 1091 3057 Bi'idinger

77 3057 97 3117 l,
116 3059 133 3113 l.
152 3076 178 3129 p.
198 3065 233 3113 26
244 3076 283 3128 sq.
366 3064 419 3113 578
437 3059 484 3113 ille
502 3059 623 3130 oebrcao]
643 3075 657 3114 c
675 3076 709 3113 ex
727 3061 737 3113 l
755 3077 823 3117 corr.
905 3063 958 3114 574
975 3058 1089 3130 fratres]

76 3147 99 3186 o.
119 3145 135 3184 o
152 3130 267 3196 frames,
291 3129 379 3185 odel.
398 3129 590 3184 Wattenbach
608 3129 773 3200 (Bn'idinger,
797 3129 953 3186 Denlrmale
976 3148 1005 3199 p.
1027 3135 1089 3198 104)

76 3206 127 3255 cta
146 3200 222 3271 fida]
242 3200 306 3267 fidis
323 3201 467 3270 Biidinger
486 3201 558 3255 salso
666 3206 719 3255 594
737 3203 828 3257 sidera
846 3201 990 3270 Btidinger
1007 3201 1089 3268 falso,

76 3288 145 3327 corr.
164 3271 355 3394 {attenbaoh
372 3271 409 3326 ib.
428 3290 456 3341 p.
478 3277 529 3326 104
592 3276 644 3327 595
659 3289 682 3326 o.
698 3273 777 3343 lapsa
791 3273 833 3343 (nt
847 3272 919 3328 falso
934 3270 1087 3342 deinger)

77 3357 146 3396 corr,

144 3506 172 3566 1)
191 3500 284 3557 Sedul.
305 3499 333 3556 G.
353 3500 382 3557 P.
406 3501 438 3571 V,
458 3507 520 3560 237.

116 3594 228 3638 Anauon
241 3599 381 3644 Sermones.
