2468 3826
525 91 630 147 SEXTI
648 91 802 147 AMARCII

154 255 201 321 Ut
225 255 429 320 stabiliretur
451 255 541 339 prius
565 259 686 338 actum,
710 276 794 339 aqua
817 253 921 318 mixta
944 259 1067 323 cruori

155 343 259 422 Exiit,
284 344 428 427 ampulla
451 366 549 427 quam
572 365 740 427 suscepere
765 342 935 407 cadentem

102 432 312 497 ocoExsortes
336 431 411 497 fidei
434 432 611 516 morboque
635 431 749 496 dedere
773 431 928 515 grauatis.

156 521 245 586 'lunc
269 521 379 586 divina
403 522 489 586 salus
513 522 574 586 hoc
598 521 755 605 sanguine
779 540 924 603 quosque
947 541 1135 606 respersos

157 609 304 695 Sanavit,
328 632 437 675 cassos
462 610 583 675 carnali
605 610 754 693 lampade
777 610 861 691 luce,

157 697 277 763 Sardos
301 699 427 784 auditu,
450 701 558 763 mutos
582 719 728 762 sermone
753 697 876 780 beavit,

155 787 279 853 Multos
303 810 322 852 a
344 788 435 871 lepra
457 786 595 852 retraxit
618 786 879 871 demonibusque.

102 893 142 934 6⁵5
156 875 243 942 Ante
266 880 376 941 tamen
399 879 532 941 cunctos
557 875 652 940 datur
673 875 749 940 hinc
772 875 911 939 sensisse
935 896 1129 958 supernam

156 964 321 1030 Virtutem
345 964 497 1050 gravidus
522 964 691 1049 membris,
714 963 917 1049 paraliticus,
941 984 1022 1048 eger

157 1054 208 1118 Ex
232 1075 295 1137 quo
320 1055 430 1117 nativa
452 1055 611 1136 processit
634 1053 748 1117 matris
772 1052 813 1117 ab
838 1052 922 1117 alvo.

156 1140 219 1205 His
243 1141 433 1226 propagatis
457 1141 579 1205 infirmi
602 1142 829 1206 convenientes

157 1227 285 1293 Passim
309 1228 450 1293 concreti
473 1230 637 1312 stiparunt
661 1229 693 1292 in
718 1229 906 1314 synagogis,

103 1335 143 1376 ceo
157 1315 332 1403 Sanguinis
355 1321 392 1381 ut
415 1318 500 1382 sacri
523 1317 708 1401 conspersio
731 1317 880 1382 redderet
901 1316 993 1402 ipsos

156 1405 349 1472 Incolumes.
394 1407 537 1471 Tandem
559 1406 651 1470 ludei
674 1405 866 1490 ‚‚Fallimur“
890 1407 982 1470 aiunt

157 1495 346 1581 ‚,Fallimur,
368 1495 421 1561 hic
444 1499 529 1561 certe
553 1496 631 1560 deus
654 1495 708 1560 hic
733 1499 783 1559 est
806 1516 900 1578 quem
923 1493 1119 1563 Hieremias

156 1584 198 1649 In
220 1585 316 1650 terris
341 1585 445 1649 visum
470 1590 502 1649 et
525 1588 752 1649 conversatum
776 1583 871 1648 docet
893 1581 992 1649 esse.“

159 1672 261 1756 Seque
286 1674 505 1738 catecuminos
529 1673 599 1737 fieri
622 1673 768 1758 tingique
792 1674 949 1756 petebant

105 1777 145 1818 crs
159 1760 340 1825 Abiciendo
365 1783 440 1825 suas
463 1762 585 1827 lavacri
607 1784 667 1844 pro
692 1766 780 1826 veste
802 1761 926 1826 thiaras
934 1758 959 1845 ¹)

157 1849 343 1932 Nostraque
367 1849 528 1915 laudando
551 1850 712 1934 prepucia.
758 1848 822 1914 Sed
847 1850 1001 1934 quoniam
1024 1849 1095 1916 ista

157 1937 234 2003 Non
257 1940 334 2003 sunt
355 1940 434 2001 nota
457 1938 552 2021 satis,
576 1960 739 2004 sumamus
763 1961 824 2023 que
847 1942 937 2003 tenet
959 1960 1049 2003 usus.

158 2024 260 2102 Quem
283 2047 350 2091 non
373 2023 536 2091 confortet
558 2027 641 2110 lapsi
665 2028 829 2110 reparatio
852 2027 963 2092 Petri?

160 2114 261 2191 Quem
284 2137 350 2180 non
374 2115 497 2180 soletur
520 2116 676 2201 deprensa
701 2117 825 2200 ereptio
849 2115 983 2199 meche'?

104 2221 145 2262 6⁷⁰
158 2205 304 2271 Gnarum
327 2203 413 2290 quod
437 2204 585 2270 dominus
608 2205 730 2289 prefert
753 2206 910 2288 pietatem
932 2204 1140 2271 holocausto.

159 2293 363 2380 Quapropter
386 2294 494 2359 cuncti
516 2293 627 2359 feralis
652 2295 771 2380 dogma
793 2292 915 2359 Novati

157 2383 323 2467 Despicite
347 2387 379 2448 et
402 2382 567 2448 dominum
591 2386 773 2467 conpuncto
797 2383 922 2466 querite
945 2379 1055 2466 corde,

159 2469 259 2536 Cuius
286 2472 341 2557 agi
362 2470 464 2536 frenis
486 2471 623 2535 libertas
646 2471 802 2556 maxima,
826 2472 916 2536 cuius

157 2557 328 2625 Mansueto
351 2561 472 2625 seruire
495 2559 572 2645 iugo
596 2559 776 2624 dominatio
800 2560 940 2625 summa!

402 2682 580 2766 Explicit
603 2683 704 2747 liber
728 2684 926 2748 sccundus.

230 2895 281 2947 6t4
300 2908 324 2946 c.
343 2893 437 2964 alepra

231 3108 258 3177 1)
277 3107 310 3163 cf.
330 3105 413 3161 Prud.
433 3104 535 3173 Apoth.
556 3108 616 3158 145.

557 3340 769 3349 ...—
