2468 3826
497 173 608 229 LIBER
625 174 674 230 111.
1053 175 1095 239 69

82 337 128 402 Et
151 341 262 401 tamen
284 357 416 401 uxorem
440 359 537 422 quam
559 338 610 401 lex
633 337 695 402 tibi
718 338 883 422 mancipat
906 341 940 403 et
963 337 1021 404 dos
1110 355 1150 396 68⁵

84 425 115 490 N
118 447 159 489 on
184 425 337 489 adamare
360 430 443 490 veto.
489 425 677 491 Laudabilis
702 432 751 491 est
775 448 866 492 amor
888 428 956 512 ille,

83 514 232 598 Namque
250 517 286 578 ut
303 513 441 578 haberet
458 514 556 579 homo
577 515 640 578 sibi
658 537 718 599 par
737 515 822 599 quod
842 521 968 580 amaret
986 517 1035 582 uti
1056 538 1098 602 se,

84 602 297 686 Omniparsns
321 603 462 686 primum
484 603 581 667 iussit
604 603 745 668 dormire
768 602 967 689 supinuml),

84 691 130 755 Et
153 691 273 756 tollens
296 714 395 756 unam
420 691 458 755 de
483 692 581 756 costis
604 692 692 757 illius
715 693 818 780 Evam

84 779 236 845 Condidit
259 802 298 844 ex
320 781 406 865 ipsa,
429 780 510 844 fidos
533 780 652 845 idcirce
673 786 825 865 parentes
1112 797 1152 838 <⁵90

82 868 221 954 Linquet
243 869 342 934 homo
367 872 399 933 st
423 873 515 954 grate
540 891 573 933 se
596 872 691 934 uxori
713 870 828 955 iunget
850 873 1007 954 eruntque

84 957 157 1022 Una
180 959 214 1022 in
238 979 332 1022 carne
357 957 420 1021 duo
444 957 593 1042 dulcique
617 959 766 1023 fruentur
790 981 909 1024 amore.

85 1044 148 1110 Sed
173 1047 259 1130 quod
283 1045 433 1110 adulterii
456 1045 635 1130 dampnosa
658 1047 751 1112 sorde
775 1050 901 1113 volutet

84 1134 126 1199 Se
150 1136 320 1220 quisquam
345 1137 401 1199 aut
425 1136 540 1199 scortis
564 1136 733 1219 inserviat,
757 1137 835 1201 utile
858 1157 925 1200 non
948 1139 1005 1201 est.

84 1223 170 1288 Nam
193 1224 296 1288 bonus
321 1226 353 1287 et
376 1224 505 1306 sapiens
528 1224 577 1288 vir
599 1222 735 1309 Paulus,
758 1229 794 1289 ut
817 1225 878 1289 hoc
900 1223 1152 1309 prohiberetur

84 1311 267 1396 Unicuique
292 1334 384 1377 suam
409 1313 569 1377 concessit
593 1311 753 1400 haberel)
801 1312 885 1390 Quid
909 1312 1009 1398 ergo?

83 1400 262 1466 Monachus
287 1404 320 1465 et
342 1404 488 1465 tractans
513 1404 697 1466 sanctorum
722 1406 836 1467 sancta
860 1402 1009 1467 sacerdos

84 1489 303 1554 Assumentne
328 1490 391 1553 sibi
415 1511 487 1553 cum
511 1490 663 1554 libertate
686 1490 843 1555 maritas?

83 1576 305 1663 Nequaquam.
354 1576 420 1642 Cur
442 1576 526 1642 hoc?
556 1578 715 1642 ausculta!
761 1578 842 1642 Rem
865 1578 926 1642 tibi
948 1579 1097 1660 pandam.

85 1663 166 1730 Cum
190 1665 349 1730 Galathas
373 1666 523 1749 civesque
546 1665 671 1748 Ephesi
695 1667 842 1752 civesque
866 1664 1014 1732 Corinthi
1100 1684 1152 1723 -700

86 1752 340 1839 Compluresque
365 1753 449 1817 alios
473 1754 611 1837 cepisset
634 1754 770 1820 subdere
794 1748 924 1820 Christo

83 1841 203 1907 Paulus
228 1864 283 1907 eos
307 1841 435 1907 blandis
459 1843 599 1926 primum
624 1843 719 1909 dictis
744 1843 907 1929 sapienter

82 1931 229 2016 Erudiit,
251 1930 395 1996 validum
418 1933 537 1996 teneris
562 1954 724 2016 apponere
747 1955 865 2016 panem

82 2019 255 2105 Devitans,
278 2025 376 2085 uteo
401 2021 499 2085 cicius
522 2022 715 2086 transferret
738 2044 848 2087 eorum

82 2108 221 2174 Pectora
244 2108 282 2173 de
306 2110 396 2174 cultu
419 2110 584 2194 fanorum3
608 2132 682 2194 sepe
706 2112 825 2175 etenim
847 2111 885 2174 fit
1113 2126 1151 2166 ⁷⁰⁵

83 2197 170 2261 Dum
193 2197 282 2261 rudis
306 2198 340 2261 in
363 2198 465 2262 veteri
488 2198 639 2262 coalescit
662 2199 773 2279 stipite
791 2195 956 2282 ramusl),

84 2285 174 2349 Aura
197 2285 248 2350 vel
272 2285 363 2349 tenui
386 2288 494 2349 motus
516 2284 632 2349 leviter
655 2285 750 2350 eadit.
794 2285 881 2350 Illud
1032 2285 1034 2288 ’

86 2373 267 2437 Ecclesiam
291 2373 395 2437 sancti
419 2373 474 2457 qui
496 2373 685 2456 plantavere
708 2374 871 2439 novellam

83 2461 292 2546 Tractantes,
316 2462 392 2545 quia
414 2461 575 2544 perfectus
599 2463 637 2526 fit
658 2484 754 2527 nemo
778 2464 924 2547 repente,

82 2550 121 2614 In
145 2550 361 2616 convertendo
386 2552 499 2635 gentes
523 2551 697 2616 simulacra
721 2553 864 2617 colentes
1112 2569 1152 2608 ⁷10

83 2639 187 2705 Saxea
209 2640 371 2724 preceptis
394 2639 499 2724 primo
524 2644 599 2704 sunt
622 2640 776 2706 mollibus
799 2640 859 2705 usi.

82 2727 165 2793 Nam
192 2729 264 2813 quis
287 2729 322 2793 in
340 2728 439 2793 idolio
464 2727 580 2793 solitus
604 2733 747 2814 potuque
770 2729 906 2813 ciboque

81 2815 234 2881 Distcndi
257 2821 353 2901 atquc
377 2817 485 2881 ubivis
508 2816 683 2881 inhonesta
706 2818 825 2882 cubilia
846 2817 929 2882 inire

82 2904 180 2968 Acria
204 2909 332 2969 curaret
355 2905 520 2970 doctorum
545 2904 711 2971 attendere
735 2908 847 2991 verba,

155 3101 206 3150 686
230 3113 253 3150 c.
273 3097 310 3151 ad
328 3113 421 3152 amare
520 3103 571 3153 687
596 3114 619 3152 c.
638 3098 765 3169 Namque
783 3099 826 3170 ct]
847 3115 869 3153 c.
889 3104 901 3153 t
918 3096 1016 3152 littera
1033 3099 1099 3167 post

83 3184 163 3223 crasa
246 3171 298 3222 688
317 3185 339 3222 c.
362 3167 560 3237 Omnipotens
647 3175 698 3225 693
718 3186 740 3224 c.
760 3171 911 3225 adulterii
1002 3173 1054 3223 709
1074 3184 1096 3223 c.

82 3256 132 3309 quc
151 3255 221 3293 corr.
287 3244 337 3293 712
358 3240 516 3294 61111661ιό
585 3245 635 3296 713
656 3258 679 3296 c.
698 3241 772 3296 ascia
791 3242 823 3295 ut
841 3240 963 3308 videtur,
984 3255 1052 3295 corr.
1068 3239 1098 3292 M

84 3315 136 3365 714
155 3315 213 3365 aret
232 3307 275 3379 (in
288 3311 354 3379 ras.)
372 3311 511 3366 docorum
529 3313 667 3368 attendere
684 3313 766 3368 echa
785 3328 835 3366 scr.
854 3312 884 3365 M

81 3547 133 3596 649
154 3476 180 3542 1)
200 3470 267 3527 Gen.
287 3477 313 3541 2,
332 3474 445 3525 21-24.
520 3472 546 3541 2)
567 3476 581 3525 1
602 3470 663 3527 Cor.
684 3476 708 3539 7,
728 3475 753 3524 2.
831 3471 859 3540 3)
879 3468 929 3526 01.
951 3467 1099 3534 11116611,

148 3559 188 3610 sq.
