2468 3826
117 162 140 226 4
484 160 592 216 SEXTI
611 159 766 216 AMAROII

119 326 318 410 Simpliciter
337 324 409 408 quis
429 323 520 409 agit?
542 323 643 389 nichil
663 328 722 408 est,
745 323 850 389 malus
868 323 1000 389 intonat
1018 325 1134 409 omnis,

118 414 243 498 Quique
266 414 379 497 lupum
402 413 491 497 vivit,
515 416 649 479 cunctos
673 413 798 478 similes
822 413 885 478 sibi
909 413 1018 477 credit

118 503 160 568 Ei
183 502 279 568 mihil
304 502 345 567 ad
366 501 529 568 infernum
551 506 642 567 totus
666 502 762 567 modo
786 502 923 567 cursitat
945 501 1042 566 orbis.

118 592 210 656 Felix
234 591 285 656 cui
308 591 438 656 dabitur
462 588 584 676 Stigias
606 611 674 655 non
696 590 781 654 ferre
804 590 963 674 latebras,

79 697 106 737 8⁰
119 679 166 745 Et
188 679 419 765 Flegetonteos
442 678 576 745 evadere
599 678 714 762 celitus
738 678 844 762 ignes!

51 798 54 803 ·
118 767 210 833 Felix
233 790 329 854 quem
351 768 480 833 tristem
502 788 614 832 manes
638 767 824 832 Acheronta
846 765 1021 851 colentes¹)

11 871 15 878 '
118 856 194 922 Non
218 857 433 923 detentabunt
455 877 515 922 nec
537 856 627 921 lurco
651 855 780 921 vorabit
804 856 964 920 Avernus!

120 945 214 1012 Circa
236 952 437 1013 momentum
459 944 641 1010 mundanus
666 945 737 1010 abit
759 945 866 1028 dolor,
888 944 957 1010 illic

17 1062 20 1067 ·
73 1071 77 1088 ·
119 1035 234 1101 Eterni
256 1036 378 1118 luctus,
401 1056 460 1100 nec
483 1038 611 1101 cessant
634 1034 768 1100 stridere
792 1034 911 1099 dentes.

173 1346 228 1418 (Π.)
251 1346 291 1401 De
310 1358 341 1401 eo
361 1345 435 1414 quod
452 1347 580 1403 scancia
597 1347 677 1415 leges
696 1347 725 1402 et
744 1346 904 1403 sanationes
923 1346 1080 1403 subvertat.

79 1493 105 1534 ss
121 1473 191 1551 Quo
215 1477 302 1539 terre
324 1494 433 1560 reges,
456 1476 584 1560 argenti
607 1473 761 1557 splendor
783 1476 816 1538 et
840 1475 923 1557 auri,

120 1562 323 1648 Precipitas?
369 1561 454 1639 Quid
475 1569 618 1630 rectores
642 1562 756 1628 mundi
778 1562 867 1629 illice
889 1562 996 1628 forma

119 1652 272 1718 Hortaris
295 1652 421 1717 nescire
445 1653 562 1718 deum?
608 1651 692 1729 Quid
714 1652 797 1717 lucis
819 1648 1001 1737 alumnos²)

120 1740 291 1825 Perpetuis
314 1761 406 1805 cecas
428 1741 596 1807 tenebris?
642 1741 687 1806 Te
710 1741 801 1826 regia
825 1742 887 1824 oeli

120 1827 345 1911 Verarumque
366 1827 457 1893 locus
479 1829 626 1912 precellit
649 1829 851 1911 deliciarum,

81 1937 108 1975 so
121 1916 278 1982 Mellifluo
301 1916 439 1981 rutilans
462 1937 521 2001 per
542 1920 692 1999 tempora
715 1921 831 1982 cuncta
853 1917 976 1981 nitore!

120 2004 216 2070 Unde
240 2005 336 2069 modo
359 2003 513 2089 incipiam
536 2004 575 2068 de
597 2004 709 2069 mundi
731 2004 931 2090 principibus
956 2005 1012 2089 qui

121 2094 240 2179 Turpis
263 2093 401 2176 avaricie
425 2093 581 2158 vexillum
603 2093 688 2160 ferre
711 2093 882 2158 videntur?

120 2183 208 2248 Pene
231 2186 347 2267 potens
371 2182 475 2247 omnis
498 2182 688 2248 temerarius
712 2183 837 2248 acmine
859 2182 947 2248 facto

121 2271 246 2336 Dedere
268 2271 454 2336 munificam
476 2272 543 2337 leto
568 2271 680 2358 gliscit
701 2272 876 2355 rationem,

83 2378 109 2419 95
123 2359 193 2426 Nec
216 2361 374 2426 trutinam
397 2360 494 2426 index
517 2383 600 2444 equo
625 2360 809 2426 discrimine
832 2361 940 2426 librat.

121 2448 215 2515 lllinc
237 2449 365 2532 iusticie
389 2449 494 2533 sedes,
516 2448 593 2514 hino
616 2449 718 2514 sessio
742 2469 878 2533 gemme.

123 2535 186 2602 Sed
208 2540 280 2603 toto
304 2538 420 2603 obtutu
443 2558 645 2623 gemmarum
669 2537 709 2601 ad
733 2537 853 2621 gaudia
875 2536 940 2600 fixo

121 2624 212 2690 Naso
237 2625 439 2712 suspendit³)
463 2625 583 2692 oamim
606 2625 685 2690 iusti
709 2625 893 2690 stationem.

123 2713 210 2779 Illud
233 2717 437 2796 pertractans
462 2715 570 2780 animo
593 2713 803 2779 Hieronimus
827 2712 946 2798 inquit:

72 2822 112 2862 100
124 2801 296 2887 „Omnium
320 2804 458 2867 avaritia
481 2807 532 2869 est
554 2806 659 2869 mater
681 2802 835 2888 radixque
858 2798 1081 2888 malorumfss)

125 2890 230 2967 Quam
252 2894 339 2955 recte
362 2892 519 2957 intonuit!
548 2913 688 2976 namque
715 2893 778 2958 hac
802 2891 958 2957 suadente
980 2891 1140 2977 magistra

125 3026 338 3046 -‚-.-.-.

197 3089 229 3139 17
250 3101 286 3138 an
305 3084 405 3154 terpus?
460 3087 494 3137 82
514 3100 537 3138 c.
557 3084 751 3139 detestabant
805 3084 1016 3141 9700010111
1070 3083 1139 3153 fixo]

123 3172 159 3211 xo
177 3155 208 3209 in
225 3154 350 3223 macula,
368 3155 488 3210 fortasse
506 3171 547 3209 au
564 3153 701 3223 scriptum

196 3317 223 3384 1)
246 3314 316 3369 Aen.
336 3314 369 3383 V,
390 3319 432 3370 99.
536 3316 564 3383 2)
587 3313 670 3367 Prud.
689 3312 789 3369 Perist.
808 3315 843 3382 II,
858 3319 919 3370 205.
1023 3313 1050 3380 3)
1073 3310 1140 3366 Hor.

125 3385 182 3441 Sat.
201 3386 223 3453 1,
242 3392 268 3455 6,
286 3389 311 3439 ὅ.
335 3387 369 3453 11,
385 3390 410 3453 8,
426 3390 467 3441 64.
545 3386 574 3453 4)
594 3383 705 3439 Hieron.
724 3384 767 3439 ed.
787 3385 905 3440 Vallars.
925 3383 1039 3451 (Veron.
1060 3385 1140 3452 1734)

123 3455 252 3583 ἓνίξίἒξ.
265 3457 358 3527 (epist.
375 3455 475 3514 CXXV
489 3455 527 3511 ad
540 3455 698 3524 Rusticum)
718 3457 747 3511 et
760 3456 841 3510 radix
860 3453 986 3511 omnium
1003 3453 1141 3510 malorum
