2468 3826
449 149 557 207 LIBER
575 152 608 207 ΙΙ.
629 151 675 207 ΙΙΙ.

387 379 511 450 Incipit
534 379 654 444 [Liber]
678 378 740 434 ΠΙ.

229 509 273 578 (Ι.)
295 508 335 563 be
354 508 508 564 sobrietate
528 509 557 564 et
576 508 735 564 elemosinis
753 506 899 562 faciendis.

56 617 224 682 Hactenus
246 617 383 682 infestas
407 617 521 682 infami
544 617 687 683 carmine
711 617 822 682 sordes

55 707 205 771 Dissuasi
227 706 322 772 flatus
347 709 452 771 sancti
476 708 653 772 karismate
677 706 806 771 functis.

55 795 151 860 Nunc
174 795 214 859 ad
238 795 374 860 virtutes
398 796 554 860 viciorum
579 796 660 860 calle
683 795 833 860 reductos

55 883 197 948 Allicere
221 887 271 948 est
294 884 431 950 animus.
477 883 539 948 Sed
563 906 692 950 carmen
715 883 811 948 futile
834 903 950 966 promo

54 972 97 1037 Ni
120 975 156 1036 tu
180 994 236 1036 rex
261 994 342 1056 agye
367 1009 409 1018 —
432 994 538 1056 neque
562 974 647 1036 enim
675 971 736 1036 tibi
764 971 941 1055 deliquium
968 971 1073 1036 ullum
1100 998 1112 1037 s

56 1059 164 1126 Corda
187 1060 373 1125 illustrandi
400 1097 437 1107 —
464 1063 514 1125 cui
540 1062 668 1126 subdita
692 1060 808 1143 copula
832 1081 939 1125 rerum
964 1066 1027 1145 est,

56 1148 108 1214 sis
133 1148 276 1213 inbecilli
299 1149 448 1214 columen
471 1148 646 1233 doctorque
669 1149 829 1227 canentis,

54 1237 101 1302 Ut
124 1238 231 1301 nullus
256 1236 389 1320 prodest
412 1238 453 1302 ad
476 1239 545 1303 sevi
567 1240 653 1304 seria
675 1238 791 1302 Martis

55 1326 173 1411 Pugio,
197 1327 253 1411 qui
277 1327 357 1390 dura
378 1348 445 1392 non
469 1330 540 1392 cote
563 1328 721 1412 receperit
744 1327 836 1390 iram.

55 1413 223 1489 Quatenus
247 1437 267 1478 a
289 1415 422 1481 domino
446 1416 572 1500 fragilis
594 1417 688 1481 nobis
712 1416 789 1480 data
812 1414 879 1478 vita
902 1417 953 1477 est

55 1502 287 1586 Nonarumquc
310 1505 397 1585 viam
419 1505 543 1569 tociens
567 1505 645 1570 heu!
669 1523 802 1587 corpore
824 1523 927 1585 prono

55 1590 222 1656 Currimus
247 1596 280 1655 et
302 1592 381 1656 tetri
403 1593 479 1676 pilis
503 1592 741 1658 succumbimus
764 1589 883 1655 hostis:

55 1678 217 1745 Clementi
239 1679 370 1745 domino
394 1681 480 1765 iugis
504 1681 680 1745 cerimonia
704 1681 811 1762 detur,

58 1766 204 1852 Sepeque
228 1767 386 1833 ducantur
408 1772 558 1834 nostrum
581 1770 641 1835 sub
666 1770 762 1834 doma
785 1769 931 1831 carentes

55 1855 160 1920 Postu
183 1859 216 1921 et
239 1861 442 1941 operment0‚
466 1858 639 1923 uenerandi
662 1879 751 1923 more
775 1855 885 1939 Tobie.

56 1943 125 2027 Qua
150 1966 267 2028 corpus
290 1945 402 2011 ledunt
424 1968 637 2032 properamus
660 1947 779 2013 reicere
803 1948 836 2009 et
859 1965 915 2008 cur

56 2033 124 2110 Qus
148 2034 298 2099 mordent
321 2036 464 2100 animam
486 2036 613 2101 fulvum
637 2056 804 2101 servamus
827 2036 864 2098 ut
888 2033 1024 2098 aurum?

55 2121 196 2206 Limpha
218 2123 331 2188 domat
352 2146 488 2209 prunas,
512 2126 639 2189 occulta
663 2124 840 2190 elemosina
863 2122 985 2203 culpas.

57 2210 91 2276 Si
115 2210 282 2275 dominum
305 2212 372 2294 vite
396 2234 589 2277 veneramur
612 2234 775 2297 opumque
799 2210 959 2293 datorem,

54 2298 164 2363 Rebus
187 2300 347 2381 possessis
371 2322 486 2384 spurce
510 2300 621 2365 sordes
645 2299 832 2385 abigentur,

54 2387 273 2471 Augebuntur
296 2409 388 2471 opes,
411 2393 448 2453 ut
471 2389 744 2471 prudentissimus
767 2385 849 2453 illud

38 2477 210 2540 ¹Testatur
234 2474 400 2540 Salomon:
426 2477 607 2562 quicunque
630 2477 735 2542 fidelis
758 2478 898 2542 honoras

54 2563 216 2629 Primiciis
240 2564 407 2630 dominum
431 2567 597 2650 frumenti,
621 2567 689 2630 vini
713 2567 851 2650 oleique,

54 2652 183 2718 Horrea
206 2675 321 2737 nempe
346 2654 438 2739 gravi
460 2659 518 2720 tua
541 2655 777 2738 conplebuntur
801 2673 916 2718 acervo

55 2742 273 2826 Millenosque
296 2747 446 2826 prement
468 2745 572 2808 vitum
596 2746 653 2807 tua
676 2744 767 2827 prela
791 2762 935 2808 racemos
1087 2767 1113 2809 aa

56 2829 288 2913 Temetumque
312 2831 435 2896 dabunt
457 2833 520 2897 tibi
543 2832 647 2897 multa
670 2837 852 2898 toreumata
876 2826 988 2917 leuel)

57 2915 123 2981 Cur
147 2917 242 2996 adeo,
266 2918 388 3003 miseri,
411 2923 463 2985 tot
486 2921 639 3006 dragmas
663 2924 776 3007 totque
800 2921 926 2987 talenta

57 3006 121 3069 Tot
145 3005 291 3070 conferre
315 3007 420 3072 minas
445 3009 669 3094 mundanaque
693 3012 846 3096 colligere
871 3030 926 3090 era

128 3198 151 3235 e,
172 3181 281 3249 Incipit
300 3182 361 3235 ΙΙΙ
419 3188 505 3238 1-18
525 3184 567 3240 ed.
588 3183 731 3255 Bi‘idinger
748 3186 766 3239 l.
786 3186 804 3240 l.
823 3201 849 3252 p.
870 3187 904 3236 32
965 3188 979 3235 1
1000 3199 1022 3238 e.
1041 3184 1074 3237 a'u

54 3288 126 3354 fami
216 3287 415 3344 abaciaco
434 3289 505 3345 oeni.
526 3290 676 3360 Bbdinger.
766 3307 788 3346 c.
810 3269 878 3360 ὅρμα
965 3296 1022 3345 το.
1041 3292 1073 3346 iu

55 3359 146 3413 bacilli
218 3365 233 3413 9
254 3376 277 3413 c.
297 3366 373 3415 conte
392 3378 461 3416 corr.
480 3360 623 3432 Bi'idinger
695 3368 729 3416 ab
749 3378 771 3416 c.
789 3366 891 3431 premet

129 3522 155 3589 1)
174 3518 254 3574 Prov.
275 3526 300 3588 a,
320 3527 345 3575 a.
366 3525 407 3575 ro.
