2468 3826
134 133 178 199 60
503 132 608 187 SEXTI
626 131 780 188 AMARCII

134 294 276 381 Gignerc
300 295 432 361 dicatur.
479 295 590 361 Scelus
614 299 664 360 est
686 295 749 360 boo
771 294 912 379 credere,
935 315 1012 359 nam
1037 316 1117 361 cum

133 383 275 449 Eternus
298 384 376 449 deus
401 389 433 449 et
456 384 675 449 mutabilitate
698 405 810 449 carens
834 383 890 467 sit,

80 497 121 538 444
135 473 215 538 Pars
239 473 353 558 nequit
375 495 446 538 esse
470 473 534 558 dei,
558 495 619 558 que
643 473 858 558 delinquendo
881 471 1030 556 vacillat,

135 559 205 626 Nec
228 562 315 627 valet
339 583 409 627 esse
433 562 525 641 deus,
548 583 610 646 que
634 584 708 626 seve
732 561 873 627 obnoxia
896 582 979 645 pene
1003 566 1065 627 cst.

135 649 183 714 De
208 672 270 734 qua
294 651 340 716 sic
363 651 568 735 Augustinus
593 650 707 715 doctor
730 655 821 715 catus
844 649 966 734 inquit:

134 737 210 805 Non
234 740 343 804 anima
366 761 405 804 ex
429 739 537 803 anima
561 743 747 823 generatur,
773 738 828 803 sed
852 738 929 803 deus
953 739 1049 804 illam

134 827 282 894 Infundit
304 829 395 894 carni
416 828 568 912 formate,
592 828 639 892 sic
662 827 910 892 microcosmum

81 942 123 982 44ο
138 914 360 999 Constituens3
385 916 441 981 sed
465 916 531 981 sive
554 920 653 1001 creet,
676 923 752 982 tune
776 917 844 981 sive
867 919 1006 1000 crearet,

137 1003 249 1071 Solum
272 1014 382 1088 nosse,
404 1027 491 1088 reor,
514 1006 681 1071 factorem.
727 1003 845 1090 Credo,
869 1005 954 1088 quod
977 1004 1052 1088 ipsa

137 1093 234 1160 Carni
258 1116 340 1178 pura
362 1095 471 1176 datur,
496 1094 571 1159 data
594 1094 692 1160 morti
717 1094 861 1160 subiacet
884 1093 969 1176 Ado,

136 1180 206 1247 Nec
228 1203 364 1266 regnum
388 1183 512 1247 domini
534 1183 599 1246 nisi
621 1183 712 1247 fonte
735 1186 849 1247 renata
872 1182 1009 1266 videbit,

138 1269 285 1335 Scemate
309 1291 464 1355 corporeo
489 1272 598 1354 requie
621 1271 756 1355 penisve
779 1271 914 1337 videtur.

83 1357 169 1424 nsA
192 1359 324 1424 domino
348 1381 405 1443 per
427 1362 578 1423 naturam
601 1380 668 1423 non
690 1360 837 1425 nascitur
859 1359 961 1444 ullus,

139 1447 201 1512 Sed
226 1449 374 1533 quisquis
397 1470 473 1513 vero
497 1448 659 1532 perfectus
682 1449 787 1532 pollet
810 1470 933 1531 amore,

138 1536 235 1602 Patre
259 1538 318 1603 deo
342 1541 432 1602 satus
456 1544 518 1622 est3
542 1537 571 1602 is
593 1559 660 1602 non
682 1542 809 1622 peccat,
832 1538 907 1622 quia
931 1544 1040 1604 servat

136 1625 328 1692 Mandatum
351 1627 455 1692 maius
479 1626 643 1691 mandatis
667 1627 833 1708 omnibus,
856 1627 917 1691 hoc
941 1630 1003 1690 est:

138 1714 248 1800 Dilige
272 1715 367 1780 corde
391 1715 500 1800 deum,
523 1719 691 1800 tamquam
715 1719 748 1778 te
772 1715 871 1798 dilige
894 1712 1072 1802 fratrem.1)

84 1827 124 1867 444
139 1802 259 1868 Omnes
282 1803 318 1867 in
341 1802 472 1869 Christo
496 1803 613 1869 fratres
637 1826 756 1869 sumus.
802 1803 896 1869 Unde
919 1806 1090 1870 tonantem

138 1891 271 1955 Patrem
295 1892 498 1974 appellamus
521 1897 670 1956 nostrum
694 1893 907 1958 communiter
930 1913 1053 1958 omnes.

139 1979 223 2044 Hinc
246 2000 306 2044 nos
329 1980 434 2044 multa
456 1980 547 2064 loqui
570 1980 695 2065 deceat,
717 1980 782 2046 nisi
805 1980 891 2065 quod
914 1981 1061 2066 preciose

138 2069 305 2134 Enarrans
330 2069 436 2152 anime
460 2069 622 2133 sententia
644 2068 746 2155 longa
770 2070 908 2135 salutem

138 2158 255 2223 Paucis
279 2161 412 2242 accepta
435 2161 494 2222 est.
540 2158 604 2224 Pro
628 2181 705 2224 cura
727 2159 873 2244 corporis
898 2158 1004 2224 omnis

84 2271 125 2312 445
139 2247 290 2313 Delectat
313 2247 437 2331 species
461 2246 643 2313 medicandi
666 2248 787 2313 discere
810 2247 913 2332 mille,

139 2336 186 2402 Ut
208 2336 305 2402 tolles
329 2336 444 2401 ebulus
467 2337 573 2421 fuget,
595 2341 694 2421 utque
718 2337 899 2421 agrimonia
921 2335 1071 2401 morbum

139 2426 218 2491 Tres
243 2426 379 2490 collecta
402 2424 470 2489 dies
494 2428 527 2489 et
550 2424 722 2490 decantata
746 2424 915 2509 caducum,

139 2510 356 2599 Pencafi10n2)
380 2513 617 2598 dissenteriam,
641 2510 837 2598 centauria³)
861 2513 993 2577 febrem.

140 2600 227 2687 Heu,
249 2603 314 2666 rari
339 2602 378 2666 de
401 2603 510 2667 anima
532 2602 606 2686 plus
630 2624 728 2687 quam
752 2602 790 2666 de
815 2623 949 2685 corporo
972 2601 1102 2666 curanti

85 2714 126 2755 454
139 2690 187 2756 Ut
209 2691 362 2774 placeant
384 2690 492 2755 forma
514 2691 652 2756 terrenis
675 2690 847 2773 luxuriosi,

140 2778 288 2843 Membra
312 2779 505 2861 vaporiferis
528 2785 649 2864 cogunt
673 2780 834 2845 albescere
857 2774 1018 2865 termis4),

141 2867 276 2934 Comere
300 2887 364 2931 non
389 2872 516 2931 cessant
539 2870 657 2954 crines,
680 2890 746 2933 non
768 2890 826 2933 ora
848 2870 971 2933 lavare:

212 3101 265 3151 448
282 3112 315 3151 ese
334 3095 363 3150 in
382 3113 434 3151 ras.
455 3112 506 3149 scr.
525 3094 555 3147 M
609 3099 660 3148 449
680 3110 702 3148 c.
722 3097 902 3151 elicrocosiaa'e
960 3100 1013 3150 446
1032 3095 1160 3151 (4401148

140 3173 193 3294 ἓξ
213 3169 415 3296 pdsle'patffisilou
505 3183 527 3221 c.
547 3166 691 3221 centauria
772 3183 794 3221 c.
812 3167 881 3234 sebee
900 3186 914 3223 r
933 3167 1156 3237 supercornia

212 3438 242 3502 1)
258 3434 360 3490 nullu
381 3440 423 3504 44,
443 3439 557 3490 37-39,
676 3434 704 3505 4)
722 3432 758 3488 cf.
776 3433 983 3504 Pseudo-Apul.
1000 3433 1035 3488 de
1056 3431 1157 3489 medie.

119 3503 202 3557 berb,
224 3510 248 3558 3.
326 3510 356 3576 3)
376 3508 410 3563 ef.
430 3505 470 3563 ib.
491 3511 534 3564 36.
612 3507 641 3581 4)
660 3506 678 3564 i.
700 3524 726 3564 c.
744 3506 876 3562 thermis.
