2468 3826
336 493 399 566 III.
433 490 585 565 INDEX
613 488 836 563 OAPITUM.

81 715 186 787 Incipit
200 714 320 785 epistola
329 715 407 771 Sexti
417 715 541 770 Amarcii
551 715 626 770 Galli
635 714 791 771 Piosistrati
806 715 842 769 ad
850 712 1005 768 Candidum

155 785 360 856 Theopystium
379 787 539 842 Alohimum
559 825 1006 843 ...........
1081 790 1095 838 1

109 859 129 927 Ι,
176 858 196 911 Ι.
224 855 360 939 Epilogus
386 859 420 912 dc
443 856 594 912 virtutibus
623 860 734 927 patrum
764 860 794 912 et
820 856 1005 927 posteriorum

229 929 310 983 vicus
333 966 1005 985 ................
1079 931 1095 978 2

166 998 200 1055 lI.
229 997 270 1053 ΒΘ
280 1015 327 1124 tep
351 999 426 1069 quod
449 1000 573 1054 avaricia
597 999 674 1069 leges
698 1000 728 1052 et
753 998 912 1053 sanctiones
941 996 1005 1051 sub·
1080 1071 1097 1120 4

230 1086 310 1124 vera
335 1109 1006 1126 ................

153 1139 200 1196 ΙΙΙ.
229 1141 269 1195 ΒΘ
297 1156 329 1195 eo
358 1141 432 1209 quod
460 1139 548 1196 libido
576 1141 696 1196 maxima
720 1139 881 1195 dominatur
904 1140 932 1193 in
956 1139 1005 1193 ho·

228 1209 350 1264 minibus
377 1250 1006 1265 ...............
1081 1215 1096 1263 'l

153 1279 199 1335 IV.
228 1281 352 1335 invectio
372 1280 402 1334 in
421 1280 554 1348 superbos
600 1320 1006 1336 ..........
1064 1287 1097 1334 10

168 1351 202 1406 V.
230 1350 272 1406 ΒΘ
291 1350 409 1406 diversis
427 1351 537 1406 luxurie
554 1350 695 1406 illecebris
731 1392 1004 1408 .......
1065 1357 1097 1405 13

154 1422 200 1476 VI.
227 1422 284 1545 BDe
302 1421 424 1547 invidia}
465 1464 961 1479 ............
979 1466 1006 1502 ¹.
1064 1427 1096 1476 17

95 1493 130 1561 ΙΙ,
177 1495 197 1546 Ι.
253 1509 403 1562 scoquo
446 1494 601 1550 incarnatio
626 1492 730 1548 Christi
758 1491 886 1563 predicta
913 1491 951 1548 sit
977 1509 1007 1548 1n

233 1563 322 1619 veteri
340 1566 509 1620 testamento
556 1607 1006 1620 ...........
1061 1568 1093 1616 21

167 1635 201 1688 ΙΙ.
230 1635 271 1689 ΒΘ
290 1652 323 1690 eo
343 1652 391 1690 cur
409 1635 462 1691 Dei
479 1636 552 1690 filins
571 1634 713 1690 incarnari
730 1634 873 1691 voluerit.
912 1677 917 1688 .
956 1679 961 1689 .
1001 1679 1007 1689 .
1062 1639 1096 1687 23

154 1704 201 1761 ΙΙΙ.
231 1705 410 1762 Confirmatio
434 1706 634 1763 incarnationis
659 1706 798 1764 dominice
826 1723 860 1761 ex
887 1707 1007 1775 prophe·

231 1780 323 1832 tarum
342 1777 504 1833 testimonio
512 1817 1006 1834 ............
1063 1780 1096 1828 26

155 1847 202 1901 IV.
232 1848 312 1912 Quod
332 1847 521 1904 ineluctabilis
541 1850 578 1904 sit
595 1849 745 1904 iudeorum
763 1847 870 1903 duricia
911 1889 917 1900 .
956 1890 962 1901 .
1000 1888 1006 1900 .
1061 1851 1095 1899 31

168 1918 200 1972 V.
230 1916 271 1972 De
290 1918 396 1972 invidia
414 1919 559 1974 hominum
578 1920 607 1974 in
625 1919 751 1974 homines
778 1959 1005 1972 ......
1062 1920 1096 1970 38

154 1988 201 2044 VI.
230 1990 270 2043 ΒΘ
290 1988 430 2044 discordia
447 1993 477 2045 et
494 1991 537 2046 ira
556 1992 585 2045 et
603 2007 687 2060 quam
701 1988 780 2044 utilis
795 1987 835 2043 sit'
846 1986 1006 2057 penitencia
1060 1991 1096 2040 40

82 2058 131 2128 111,
179 2062 199 2114 Ι.
228 2058 269 2114 ΒΘ
289 2060 441 2117 sobrietate
459 2066 489 2116 et
508 2061 668 2118 elemosinis
686 2059 822 2115 iaciendis
867 2101 873 2112 .
911 2098 916 2112 .
956 2102 961 2112 .
1000 2102 1006 2114 .
1062 2061 1097 2111 45

169 2130 202 2186 H.
231 2130 272 2187 ΒΘ
291 2148 324 2186 eo
344 2134 419 2200 quod
438 2132 520 2188 valde
539 2133 724 2189 resistendum
743 2132 781 2187 sit
798 2129 911 2187 libidini
956 2172 962 2184 .
1001 2171 1006 2183 .
1063 2133 1095 2180 51

154 2201 202 2261 Ill.
229 2201 271 2256 ΒΘ
300 2219 333 2259 Θο
361 2204 436 2273 quod
454 2205 529 2258 Deus
552 2203 673 2258 humiles
697 2203 799 2272 diligat
822 2203 850 2257 et
873 2201 1008 2271 superbos

231 2278 412 2344 contempnat
422 2311 1007 2329 ..............

154 2343 201 2398 IV.
231 2343 271 2398 ΒΘ
292 2347 366 2400 statu
385 2347 477 2419 anime
496 2347 525 2400 et
543 2345 711 2401 excellentia
729 2345 819 2399 carnis
867 2388 872 2398 .
912 2387 917 2398 .
956 2384 961 2395 .
1001 2385 1006 2397 .

169 2416 201 2471 V.
231 2414 272 2470 ΒΘ
299 2416 433 2472 Eufrouio
462 2420 579 2471 docente
608 2415 683 2485 quod
711 2415 805 2471 omnia
831 2415 861 2468 in
890 2413 1008 2469 caritate

232 2487 345 2541 condita
363 2487 419 2543 sint
437 2489 466 2541 et
484 2486 514 2541 in
533 2503 567 2542 aa
585 2487 740 2542 consistant
759 2487 874 2541 omnia.
913 2529 919 2541 .
957 2527 962 2538 .
1001 2526 1007 2539 .
1062 2488 1097 2536 65

156 2556 202 2610 VI.
230 2555 271 2611 De
289 2557 494 2614 incontinentia
512 2557 689 2612 sacerdotum
733 2597 1007 2611 .......
1063 2557 1096 2607 68

143 2625 201 2681 VH.
230 2627 271 2681 De
295 2645 328 2683 eo
352 2628 420 2698 quid
444 2630 481 2683 sit
504 2627 695 2684 sacerdotibus
719 2626 886 2680 servandum
905 2625 1007 2693 quidve

230 2696 378 2753 vitandum
423 2737 1006 2755 ..............
1064 2701 1096 2749 73

83 2766 130 2836 IV,
177 2769 197 2823 I.
225 2766 267 2822 ΒΘ
286 2784 319 2822 Θο
338 2770 412 2836 quod
430 2771 500 2825 fides
520 2769 579 2825 sine
599 2769 729 2839 operibus
748 2768 859 2823 mortua
878 2767 915 2821 sit
956 2811 962 2821 .
1001 2809 1007 2821 .
1063 2769 1097 2820 78

169 2838 203 2894 ΙΙ.
232 2838 274 2893 ΒΘ
293 2837 345 2892 XII
363 2839 506 2908 lapidibus
526 2842 555 2895 et
573 2840 705 2895 misteriis
724 2856 819 2895 eorum
867 2881 873 2894 .
912 2880 917 2891 .
956 2880 962 2892 .
1001 2880 1006 2890 .
1062 2840 1094 2890 81

155 2909 203 2965 ΙΙΙ.
232 2908 274 2965 ΒΘ
293 2925 326 2963 Θο
345 2911 421 2977 quod
440 2912 559 2966 mundus
579 2912 617 2965 sit
637 2910 874 2980 contempnendus
911 2952 917 2964 .
955 2950 961 2960 .
1000 2951 1007 2964 .
1063 2910 1097 2961 84

156 2980 202 3035 1v.
231 2979 272 3063 ΒΘ
291 2996 324 3035 eo
345 2982 494 3064 quod'non
512 2982 603 3051 possit
620 2998 737 3052 ragnum
757 2980 880 3054 celorum
900 2977 1008 3047 acquiri

170 3121 202 3175 v.
232 3052 528 3204 diluiaidiiical
548 3093 705 3179 ermanni
724 3093 753 3177 aa
771 3091 839 3177 fiaes
863 3090 898 3175 ie
913 3088 1008 3176 'reim-3
1062 3052 1096 3100 ⁸⁹

232 3196 357 3249 rectione
376 3195 466 3250 earnis
513 3232 1007 3249 ...........
1063 3193 1097 3243 94

246 3351 267 3405 Ι.
296 3351 383 3408 Index
401 3354 545 3408 nominum
557 3390 1007 3409 ...........
1063 3351 1096 3400 96

233 3421 267 3475 ΙΙ.
297 3422 382 3477 Index
402 3440 500 3480 vocum
518 3424 654 3481 rariorum
673 3427 702 3480 et
719 3441 812 3480 rarum
826 3461 1008 3481 .....
1047 3421 1096 3470 102
