2468 3826
139 117 182 182 94
236 98 240 105 “
509 117 615 173 sanni
633 118 787 174 nnnaon

84 297 125 337 rso
140 279 209 356 Que
232 301 332 345 naves
355 284 485 364 portare
509 281 629 365 solent,
653 305 671 346 a
694 283 803 347 littore
827 282 949 367 migras

137 368 336 452 Propellisve
359 373 462 434 ratem
485 371 583 435 remis
606 374 761 455 tensoque
784 372 933 456 rudente,

139 457 273 524 Soandis
297 458 338 522 ad
362 465 562 543 antemnam,
584 459 769 544 residesque
793 460 828 524 in
851 460 1000 545 margine
1026 485 1148 552 prore,

137 546 214 612 Non
237 548 299 613 tibi
323 548 498 632 sollicitus,
521 547 607 632 quod
631 549 675 613 sis
699 571 832 614 casurus
856 551 889 614 in
912 550 993 634 ima,

137 636 182 701 Et
204 658 264 701 nec
286 638 402 701 bruma
424 641 518 701 tuum
542 636 633 701 sedat
654 659 714 702 nec
738 659 853 703 cauma
875 638 1040 725 laborem,

83 739 123 779 455
138 725 255 790 Vivere
280 747 343 810 quo
366 726 472 809 possis
496 729 529 789 et
552 730 660 789 tecum
684 727 742 809 sis,
767 727 828 790 ais:
852 725 959 792 Adam

138 812 263 879 Stultus
286 813 409 879 honore
432 813 539 878 nitens
562 835 629 878 non
651 815 825 896 intellexit,
849 815 890 880 ob
913 815 977 879 hoo
1000 838 1095 885 nuno

136 902 228 968 Vivit
250 924 308 987 per
331 924 468 988 magnos
492 903 635 967 humana
657 925 802 988 propago
827 904 964 969 labores.

137 991 299 1076 Murilego
323 991 514 1056 dormitanti
538 1013 676 1076 cecoque
699 993 819 1057 tacent'

137 1081 223 1145 Raro
248 1080 325 1165 quid
349 1081 496 1145 offertur:
521 1081 613 1165 suda,
636 1103 677 1145 ne
700 1081 815 1145 limina
838 1086 936 1145 noctu

83 1183 123 1223 450
138 1166 319 1233 Suffodiens
344 1170 454 1233 oculos
478 1169 594 1252 perdas
618 1170 730 1234 autin
754 1191 846 1235 cruce
870 1174 980 1235 vitam.

137 1257 190 1320 An
214 1256 344 1321 dubitas
369 1276 446 1340 ergo
471 1257 583 1321 mundi
608 1259 695 1322 mala
718 1258 843 1324 lubrica
865 1259 949 1323 ferre

136 1344 187 1408 Ne
212 1346 255 1410 sis
279 1348 435 1429 perpetuo
460 1347 620 1410 cariturus
644 1347 788 1412 lumine?
834 1346 869 1412 Si
891 1350 924 1412 te

136 1433 243 1501 Vexat
267 1433 383 1498 anhela
405 1431 533 1520 tysis¹),
556 1435 715 1519 cacexioa,
739 1437 807 1502 sive
830 1440 989 1520 catarrus,

135 1523 282 1608 Absinti,
307 1522 502 1607 gamandrea
527 1523 589 1589 tibi
611 1524 822 1609 bethoniceve

82 1626 121 1666 455
136 1611 296 1677 Hauritur
319 1634 427 1695 sucus,
451 1614 479 1677 si
503 1616 598 1697 gutta
621 1617 716 1678 nocet
738 1614 812 1698 tibi,
835 1614 956 1697 queris:

134 1700 320 1786 „Numquid
343 1701 548 1784 flebothomi,
570 1701 727 1786 numquid
751 1702 895 1767 cauteria
917 1702 1094 1786 prosint?“

135 1790 226 1876 Ergo
251 1790 355 1874 magis
379 1812 437 1874 pro
462 1792 570 1854 anima
593 1792 733 1855 tolerare
758 1791 883 1855 decebit
907 1813 1032 1877 amara,

137 1878 267 1943 Scilicet
289 1879 402 1942 irrisus
425 1901 491 1943 non
513 1879 673 1959 fastidire,
697 1880 748 1944 vel
771 1880 855 1944 ictus

137 1965 173 2048 [S
197 2017 205 2033 .
229 2016 236 2031 .
260 2018 267 2031 .
290 1967 355 2031 nisi
378 2017 384 2032 .
410 2016 416 2030 .
441 2017 447 2030 .
472 2016 478 2030 .
503 1967 662 2047 l]ucratur
685 1968 803 2051 gaudia
826 1990 921 2033 nemo

82 2069 122 2108 4⁷⁰
137 2055 219 2138 [Neo
243 2106 250 2120 .
273 2104 281 2122 .
305 2109 311 2122 .
336 2077 379 2141 go
403 2106 410 2120 .
434 2107 440 2119 .
464 2077 506 2119 no
529 2057 720 2135 cer]tantem
743 2059 854 2122 laurea
877 2057 992 2141 cinget.

135 2372 190 2444 (V.)
206 2372 302 2428 Oratio
313 2370 350 2426 ad
360 2371 486 2426 sanctam
495 2370 655 2426 trinitatem
664 2372 694 2426 et
703 2371 772 2427 fides
782 2371 815 2427 de
825 2370 1032 2428 resurrections
1047 2376 1154 2432 carnis.

135 2499 161 2563 Ο
186 2504 290 2583 sator,
312 2521 331 2564 o
356 2498 499 2581 soboles,
522 2520 541 2562 o
566 2503 675 2563 sancte
699 2499 847 2582 spiritus,
870 2521 932 2564 une

135 2585 323 2653 subsistens
348 2587 416 2652 sine
438 2586 502 2651 fine
527 2585 618 2665 deus,
641 2608 735 2670 quem
758 2591 871 2653 nostra
894 2589 1050 2655 mathesis

135 2672 253 2758 Separe
276 2697 342 2739 non
365 2676 483 2740 scindit
506 2675 603 2740 ductu
631 2711 667 2721 —
693 2675 755 2740 luit
778 2676 893 2740 Arrius
917 2678 996 2742 illud
1023 2713 1060 2724 —

134 2763 198 2846 Da,
222 2784 349 2846 precor,
373 2766 409 2828 ut
432 2786 546 2848 supere
571 2786 702 2849 compos
726 2766 771 2829 sit
795 2767 967 2832 Amarcius
992 2767 1080 2851 aule,

80 2866 120 2906 475
136 2851 348 2936 Apprendens
371 2852 447 2915 fidei
469 2852 547 2917 litus
572 2853 689 2919 celeste
713 2855 857 2920 saburra.

134 2940 233 3006 Cesar
256 2944 288 3005 et
311 2940 464 3023 Emathis
488 2944 617 3027 strages
641 2943 784 3007 etfama
808 2942 941 3009 Catonis
1019 2984 1021 2988 >

203 3121 257 3172 460
276 3133 300 3171 c.
317 3117 426 3172 olittore
511 3120 563 3169 459
584 3132 606 3169 c.
627 3117 733 3172 lomina
751 3135 762 3172 a
782 3134 851 3173 eras.
942 3122 1083 3173 471-509
1103 3120 1147 3176 ed.

132 3187 269 3243 Hersohol
287 3187 306 3242 l.
326 3188 344 3244 l.
363 3206 390 3257 p.
411 3191 527 3255 lttsq.;
547 3192 687 3242 471-475
707 3189 749 3243 ed.
769 3187 911 3260 Bfldinger
924 3190 941 3244 l.
957 3188 977 3245 1.
991 3208 1016 3259 p.
1038 3193 1146 3245 8n.19

133 3265 184 3314 473
204 3259 287 3330 illud]
307 3260 386 3315 ellam
403 3257 547 3327 deinger
565 3259 638 3313 falso
749 3263 802 3315 474
820 3261 969 3317 Amaroios
987 3275 1092 3329 compos
1110 3263 1148 3316 sit

132 3329 276 3400 deinger
293 3330 366 3386 falso

204 3491 230 3558 1)
250 3490 350 3559 Georg.
368 3489 416 3558 III,
435 3495 497 3545 497.
