2468 3826
138 113 181 178 18
509 111 616 167 SEXTI
634 112 789 171 AMARCII

136 274 266 360 Arguta
288 274 410 357 primos
433 275 567 359 pellexit
590 275 702 340 fraude
725 278 889 360 parentes3

87 383 128 423 reo
142 363 205 428 Per
227 366 259 427 te
281 361 486 429 Hebreorum
508 385 593 428 nuno
615 364 700 429 ludit
722 368 869 448 pectora,
893 364 984 428 libris

138 451 189 516 Ne
213 451 345 516 credant
366 453 521 537 propriis,
544 451 642 518 Iacob
665 453 769 537 patris
793 455 907 538 utpote
931 453 1042 518 dictis:

138 538 327 624 „sceptrum
350 541 388 604 de
411 541 491 607 Iuda
513 564 690 626 numquam
712 541 847 606 tolletur
871 544 903 605 et
925 544 1041 606 unctus

137 630 249 694 Donec
272 630 300 694 is
324 630 476 694 adveniat
499 635 555 714 qui
577 629 796 694 demittendus
820 629 862 694 ab
887 631 953 694 alto
978 629 1055 714 est,“

138 716 371 803 Subiunxitque
394 723 446 803 „et
469 740 541 783 eum
565 719 701 804 gentilia
724 718 822 784 corda
844 717 1085 804 manebunt“.¹)

34 845 36 850 -
84 825 124 866 ros
140 805 193 872 Sic
217 808 316 872 etiam
339 811 430 873 vates
454 805 493 870 de
518 805 647 872 Christo
672 812 777 872 iunior
800 807 919 890 inquit:

137 895 237 980 „Cum
263 900 393 962 sanctus
417 896 538 981 veniet,
561 900 748 961 sanctorum
773 895 899 960 desinet
923 895 1082 980 unguen.“

135 984 222 1050 Olim
245 1006 385 1069 namque
409 1007 485 1049 suos
508 1006 602 1071 reges
625 984 725 1049 Iudea
749 986 875 1050 solebat

134 1073 301 1158 Unguere,
325 1074 409 1157 quod
432 1074 560 1158 Regum
583 1074 667 1138 liber
690 1077 865 1138 attestatur
889 1076 1009 1157 aperte.

135 1161 198 1225 Ast
221 1161 277 1225 ubi
301 1160 340 1224 de
363 1161 441 1243 celis
464 1161 642 1245 mittendus
667 1167 736 1226 erat
758 1162 918 1246 genitoris

81 1270 122 1310 rm
136 1249 237 1313 Filius
262 1248 393 1331 excelsi,
417 1249 468 1312 cui
485 1270 638 1333 comper,
661 1250 775 1332 cuique
799 1271 915 1314 coevus

134 1336 174 1401 In
198 1337 318 1402 deitate
341 1334 498 1422 manem),
522 1338 674 1402 servilem
698 1359 861 1402 assumere
883 1334 1067 1422 formam³);
1193 1401 1195 1405 .

136 1424 255 1510 Stirpis
279 1426 368 1490 Iulee
392 1429 497 1490 cretus
522 1425 560 1490 de
585 1427 741 1510 sanguine
766 1425 866 1508 Cesar

134 1515 304 1600 Augustus
328 1516 450 1580 celsum
473 1514 579 1579 tenuit
601 1518 679 1580 tuno
701 1515 948 1579 Romulidarum

134 1604 325 1689 Imperium,
348 1604 411 1668 sibi
434 1605 489 1689 qui
511 1605 677 1690 preclarus
700 1604 840 1689 belliger
864 1603 975 1668 orbem
1092 1647 1096 1654 ·

80 1712 120 1753 us
136 1692 298 1777 Subdidit,
322 1694 424 1777 ipsius
449 1692 533 1758 dono
557 1693 710 1777 iussuque
735 1697 867 1759 senatus
931 1705 934 1709 ’

133 1781 276 1846 Excluso
300 1780 455 1863 Hyrcano
479 1780 611 1845 Iudeam
636 1783 776 1867 sumpsit
799 1780 959 1864 agendam
1055 1850 1057 1854 Α

134 1869 299 1934 Barbarus
323 1868 483 1952 Herodes,
506 1870 597 1934 cuius
621 1871 681 1934 sub
704 1875 850 1953 tempore
874 1866 1040 1933 Christum

135 1957 324 2025 Catholicus
348 1957 488 2041 populus
511 1960 624 2021 natum
648 1957 687 2022 de
710 1958 835 2043 uirgine
860 1957 968 2021 credit.

132 2047 185 2111 Ru
208 2048 289 2110 bene
309 2044 504 2110 concordant
527 2045 811 2130 adolescentisque
827 2044 976 2128 senisque

79 2155 120 2194 48⁰
133 2135 256 2201 Verba:
280 2133 456 2199 Palestinis
479 2154 626 2219 paganus
650 2135 772 2218 prefuit
795 2135 881 2198 arvis

132 2225 202 2290 Rex
226 2228 259 2289 et
280 2224 445 2307 inunctus,
468 2222 525 2287 ubi
548 2245 604 2288 rex
628 2245 773 2288 summus
798 2224 838 2288 ab
864 2222 995 2287 aethere
1018 2223 1114 2287 venit.
1165 2239 1168 2245 ·

132 2314 288 2379 Messiam
312 2314 423 2378 dicunt
446 2316 626 2378 venturum.
672 2311 854 2395 Credimus,
877 2312 930 2378 hio
953 2333 1020 2376 non

132 2403 232 2468 Venit
255 2402 373 2484 adhuc,
397 2421 475 2486 ergo
499 2402 621 2465 dicant:
643 2400 804 2485 „Ubinam
828 2405 943 2465 unctus
967 2399 1120 2465 eorum?“

133 2490 235 2567 Quem
261 2492 289 2556 si
311 2513 377 2556 non
401 2493 539 2573 possunt
562 2489 744 2572 ostendere,
769 2488 896 2554 credere
921 2489 1051 2552 tandem

77 2597 117 2638 raa
131 2578 295 2662 Incipient
318 2577 495 2644 Christum.
541 2575 589 2641 De
613 2598 676 2660 quo
699 2598 766 2641 non
788 2577 823 2640 hi
846 2577 909 2640 duo
932 2578 1060 2640 tantum

131 2667 254 2731 Verum
279 2664 479 2732 cunctorum'
492 2666 635 2732 cecinere
660 2665 790 2730 oracula
813 2668 933 2730 vatum.

27 2750 29 2755 ’
130 2754 201 2821 Iam
225 2751 311 2819 nuuc
334 2750 502 2820 nobiscum
526 2758 707 2839 conpuncto
730 2756 860 2838 pectore
884 2753 1006 2816 dicant:

130 2844 192 2910 Est
214 2847 322 2928 pater,
347 2847 397 2908 est
418 2846 528 2926 natus,
552 2865 642 2909 sacer
665 2866 729 2908 una
752 2843 885 2927 spiritus
909 2841 961 2905 his
985 2845 1035 2905 est

131 2931 346 3017 Coniunctus,
369 2936 436 2996 tres
461 2931 495 2994 hi
519 2932 595 2997 deus
619 2955 716 3016 unus3
738 2955 816 2997 num
840 2931 909 2997 sine
932 2935 1012 2996 nato

58 3042 118 3110 nmo
132 3022 211 3099 Quis
235 3025 330 3107 pater
354 3042 423 3086 esse
446 3023 555 3104 potest
578 3015 629 3087 vel
653 3022 721 3085 iure
741 3025 837 3105 ¹pater
860 3017 1051 3106 vocitaril4)

201 3237 252 3288 468
272 3249 295 3288 c.
315 3233 413 3287 liberat
431 3247 500 3286 corr.
520 3231 549 3285 Μ
623 3235 674 3285 469
695 3246 717 3283 o.
737 3230 834 3297 depelle
900 3234 952 3284 483
972 3245 994 3283 c.
1014 3228 1063 3283 abi
1080 3243 1146 3282 uam

100 3464 104 3471 .
203 3413 228 3474 1)
247 3410 315 3465 Gen.
335 3417 378 3479 re,
400 3417 441 3466 ro.
513 3376 870 3480 2)Sedul.c.'l³.1,eer.
939 3403 1023 3475 mih.
1043 3403 1063 3471 1,
1083 3408 1145 3458 aaa.

92 3549 95 3555 Ι
129 3484 158 3549 4)
175 3480 258 3537 Prud.
278 3483 380 3551 Apoth.
402 3486 504 3549 180sq.
