2468 3826
546 156 657 212 LIBER
675 156 697 212 1.
1108 157 1129 222 9

115 316 213 401 Cum,
237 317 329 402 dens,
352 319 488 403 innupte
510 319 657 404 prodires
680 322 792 384 ventre
814 319 944 404 puelle?
1143 339 1184 378 eso

116 405 180 472 Sed
203 407 281 491 quid
303 429 438 472 acumen
460 428 521 493 ego
544 407 752 473 Demostenis
776 410 874 492 atque
896 407 1058 473 Themisti

114 495 309 561 Inculcando
331 496 464 561 moror?
506 494 632 561 Summi
654 496 758 581 patris
781 497 876 561 unice
898 497 961 576 fili,

115 583 180 661 Qui
201 605 304 669 mare,
327 586 383 668 qui
405 588 524 669 terras,
546 586 602 668 qui
624 586 727 669 celos,
751 582 897 663 Christe,
917 584 1019 671 regis,
1040 583 1106 670 te¹)

114 671 234 738 Clausa
256 674 436 758 verecunde
459 674 610 759 producit
630 674 768 759 virginis
791 671 930 759 alvus2),

113 761 204 847 Ergo
228 762 267 826 de
289 762 365 827 feda
386 784 448 828 nos
471 764 562 828 solve
584 762 719 828 libidine
742 766 776 827 et
798 784 910 827 omnes
1144 781 1183 820 22⁵

116 849 304 916 Catholicos
326 851 399 935 igni
422 851 465 916 da
486 851 567 917 sudo
589 852 713 917 fervere
735 851 850 936 facque

114 937 200 1004 Astu
223 944 401 1024 serpentes,
423 940 476 1005 fac
499 941 709 1026 simplicitate
731 936 943 1025 palumbesl)

114 1027 188 1093 Heu
212 1031 336 1112 quanto
358 1028 494 1093 interitu
515 1029 617 1094 vincit
640 1050 713 1094 cnm
736 1029 831 1114 plebe
853 1027 957 1092 libido

113 1115 295 1199 lnportuna
317 1115 428 1181 duces!
472 1116 578 1182 Amor
599 1117 703 1181 instat
726 1116 950 1194 conubiorum,

115 1202 179 1269 Sed
200 1207 311 1269 tamen
334 1209 409 1270 ante
432 1226 544 1270 omncs
568 1206 682 1270 Lamia
704 1209 799 1270 atrox
821 1208 912 1271 cecat
934 1206 1074 1270 eburnos

114 1292 260 1357 Heroum
283 1292 493 1378 thalamos‘),
516 1316 578 1378 que
601 1295 653 1359 vel
676 1292 834 1359 Samsona
856 1293 1048 1379 Ididamque

114 1379 249 1447 Oecavit
271 1382 442 1467 quondam.
489 1381 628 1449 Cursare
650 1405 709 1468 per
732 1384 816 1448 atria
838 1382 950 1448 dicunt

115 1467 260 1556 Oyrris⁵)
283 1472 443 1536 truncatis
466 1473 664 1536 masclorum
686 1493 777 1536 more
799 1471 940 1555 puellas,

115 1557 163 1623 Ut
187 1558 264 1622 dum
286 1561 463 1643 primatum
486 1560 581 1624 lectis
604 1560 773 1625 verniliter
794 1562 922 1641 assunt,

115 1645 283 1728 Obscenos
307 1648 426 1732 coitus,
448 1651 607 1732 quantum
629 1648 771 1712 facinus!
793 1647 972 1731 paciantur.

115 1733 258 1799 Obtutns
281 1734 342 1818 bec
365 1739 515 1800 externos
538 1736 671 1801 vesania
692 1735 811 1821 carpit,
1024 1811 1027 1815 ¹

114 1821 162 1888 Ut
183 1824 273 1906 larse
295 1845 413 1909 pueros
437 1824 557 1888 fallunt
578 1824 759 1909 tragicique
782 1825 924 1907 coturni,

114 1911 236 1978 Ebrius
259 1917 317 1977 aut
339 1916 434 1997 petus
456 1918 607 1978 numerat
629 1914 821 1999 plerumque
843 1914 1019 1979 lucernam.

114 1999 191 2065 Non
214 2003 356 2085 estqui,
378 2001 467 2066 facili
490 2024 687 2087 quamquam
710 2002 897 2068 discrimine
920 2003 1051 2086 sollers,

116 2088 201 2153 Seru
222 2091 385 2155 inmutato
408 2113 520 2155 verum
542 2091 739 2175 perpendere
761 2091 880 2176 possit,

116 2176 241 2260 Supera
263 2177 340 2242 dum
362 2200 518 2261 spernens
541 2180 649 2245 bracis
673 2180 851 2263 caligisque
873 2179 990 2264 virago

116 2263 218 2331 Crura
241 2266 325 2350 tegit
346 2266 537 2351 tunicasque
561 2271 673 2332 exerto
694 2267 820 2350 poblite
842 2267 948 2331 findit:

114 2352 208 2418 Haut
231 2355 326 2418 aliter
349 2375 446 2438 quam
469 2354 498 2419 si
521 2350 616 2420 vescia
638 2355 794 2441 lanugine
816 2354 972 2419 necdum

116 2440 262 2507 Crinitus
285 2442 410 2508 iuvenis
433 2443 561 2529 linquat
583 2444 624 2509 do
646 2444 754 2509 fronte
776 2443 865 2509 virili

114 2529 286 2597 Femineas
309 2532 448 2616 pendere
471 2554 581 2598 comas
605 2536 639 2597 et
661 2555 716 2598 ess
740 2527 938 2615 caliendrol)

116 2618 331 2706 Constringat
353 2643 516 2706 parvaque
539 2641 640 2706 genas
664 2622 812 2687 obnubet
834 2617 957 2706 aluta⁷)

115 2709 165 2773 Ac
188 2710 314 2774 celante
337 2710 435 2794 pedes
458 2710 588 2775 incedat
610 2711 745 2775 sirmate
766 2709 858 2775 fusos

117 2799 185 2861 Aut
206 2799 313 2863 colum
335 2803 482 2884 usurpet,
505 2820 618 2864 verum
641 2802 787 2882 spectare
811 2819 976 2884 queamus.

116 2883 186 2948 Nos
211 2887 345 2969 glaucos
368 2887 463 2969 latet,
484 2886 547 2951 boc
571 2888 697 2952 occulto
720 2887 866 2952 fallimur
888 2890 976 2969 actu,

116 3027 328 3034 ——.-—.-

187 3094 379 3161 lutomerici
411 3096 580 3152 226dcsudo
611 3095 872 3166 228quuntoinras.
909 3101 1034 3151 230onte
1042 3110 1132 3151 omncs

114 3202 145 3256 in
159 3219 213 3256 ras.
264 3206 315 3255 233
326 3202 475 3274 truncatis]
486 3202 652 3257 buninras.
703 3206 757 3256 285
776 3219 798 3258 c.
818 3180 967 3272 duonum,
984 3219 1000 3271 q
1018 3201 1132 3272 priusp

188 3381 215 3448 1)
234 3379 317 3433 Prud.
337 3379 440 3448 Apoth.
461 3384 521 3434 153.
584 3381 612 3445 2)
631 3379 714 3434 Prnd.
733 3377 837 3448 Apoth.
858 3383 918 3432 106.
985 3381 1013 3448 3)
1030 3379 1132 3436 Mattb

116 3455 222 3517 10,1o.
294 3453 322 3517 4)
340 3450 406 3505 Hor.
427 3450 485 3504 Sat.
504 3451 538 3517 ll,
558 3456 583 3516 6,
604 3456 663 3505 103.
734 3452 762 3518 5)
782 3449 800 3504 i.
820 3465 843 3505 e.
863 3450 952 3506 cirris.
1020 3451 1047 3518 6)
1066 3450 1132 3506 Hor.

117 3520 175 3576 Sat.
193 3520 215 3589 Ι,
234 3526 260 3592 8,
278 3527 313 3577 48
332 3523 362 3576 et
380 3521 467 3576 schol.
486 3521 586 3576 Acron.
659 3525 687 3591 7)
706 3520 756 3577 Or.
776 3520 868 3576 Amat.
888 3520 1023 3588 ΠΙ,“1(11.
