2468 3826
139 135 183 201 62
509 134 616 190 suxrr
635 135 788 191 luascu

138 299 234 365 Nunc
258 319 317 384 age
341 299 494 363 virtutem
518 299 684 382 celumque
709 298 881 364 ascendere
903 304 1045 386 tempta3

139 388 185 454 Ut
208 388 345 452 volitare
368 389 480 471 nequit
504 387 643 452 canteris
667 388 794 452 saucius
818 388 885 453 ictu

84 495 124 537 rsa
140 476 230 559 Ales,
253 477 302 541 ita
324 476 444 559 invidie
469 499 563 561 quem
587 476 659 541 dira
683 477 804 562 sagitta
826 476 985 563 retardat,

137 565 275 630 Emulus
298 565 338 629 ad
362 566 422 648 celi
444 565 629 650 pertingere
651 587 717 630 non
737 565 829 630 'valet
852 566 973 651 aulam,

137 653 183 719 Et
205 655 281 718 licet
304 675 452 737 expresse
475 654 596 719 trinum
619 653 762 719 fateatur
785 657 818 718 et
840 676 951 719 unum.

137 741 290 828 Quisquis
314 764 422 809 amore
445 743 542 827 nitet,
565 744 702 808 virtutes
725 743 882 808 nundinat
906 765 1020 810 omnes

138 831 362 916 Collectasquo
384 835 488 917 tenet,
510 833 668 897 virtutum
690 831 827 897 nuncius
851 832 907 896 ille
931 836 990 897 est

83 940 123 980 555
137 920 275 986 Edituus
298 921 362 985 levi
385 942 458 984 cum
481 921 703 985 tintinnabula
724 920 810 985 ferro

136 1008 282 1095 Pulsat1)
307 1013 340 1074 et
362 1010 509 1075 accendit
531 1009 712 1094 candelam,
735 1014 805 1074 tum
827 1008 910 1074 bene
933 1031 1050 1076 sanum

136 1097 265 1183 Vulgus
289 1098 382 1163 adest
404 1099 611 1183 humerisque
635 1098 722 1182 gerit
744 1119 902 1182 suspensa
925 1098 1070 1166 sinistris

136 1187 254 1266 Pallia,
278 1187 449 1251 summisso
473 1209 629 1252 venerans
654 1186 772 1251 altaria
794 1186 894 1251 vultu.

135 1274 226 1340 Haut
249 1275 401 1358 dubiique
425 1278 559 1340 manent
580 1276 770 1358 celebrande
794 1275 906 1339 munia
929 1274 1041 1362 misse,

82 1383 121 1424 495
136 1363 224 1438 Quos
247 1363 407 1447 premissa
431 1364 502 1428 cavi
525 1386 586 1430 vox
608 1363 803 1429 invitaverat
826 1364 899 1447 eris.

134 1452 298 1536 Panthere
321 1451 362 1516 ad
385 1474 497 1517 vocem
520 1453 683 1536 maculose
708 1453 842 1517 confluit
865 1453 971 1518 omnis

134 1542 260 1627 Bestia,
283 1545 389 1606 tortus
413 1543 492 1607 item
516 1542 575 1607 sub
599 1542 674 1607 tofis
698 1563 732 1607 se
756 1541 852 1607 draco
877 1537 1033 1628 conditl),

135 1630 217 1697 Cum
239 1637 350 1697 tamen
372 1631 521 1716 ingentes
545 1632 659 1697 barres
682 1634 776 1696 necet
799 1634 831 1717 et
854 1629 1074 1698 crocodillum.

134 1720 293 1804 Tempore
317 1742 390 1784 oum
413 1742 512 1786 verno
537 1742 652 1785 cornus
675 1721 728 1785 vel
752 1719 895 1803 quelibet
918 1719 1014 1784 arbos

80 1828 120 1868 500
133 1807 289 1873 Producit
310 1809 453 1872 fructum
476 1811 634 1892 reparatis
657 1809 839 1892 frondibus,
862 1811 947 1873 estas

133 1896 364 1960 Pulverulenta
388 1897 462 1981 gelu
484 1902 588 1962 terras
611 1897 775 1981 linquente
798 1897 1003 1982 propinquat.

133 1984 173 2049 In
196 1985 285 2069 pacis
310 1985 441 2070 signum
464 1984 533 2067 celo
559 1985 635 2050 deus
659 1985 776 2050 indidit
798 1986 891 2069 Irim3

133 2071 186 2139 Sic
209 2078 241 2138 et
263 2073 406 2156 amicicie
430 2077 561 2138 cantum
585 2094 658 2138 cum
681 2096 737 2140 cor
759 2074 958 2157 modulatur,

133 2161 178 2227 ut
200 2163 295 2227 viridi
318 2163 447 2227 frondet
470 2163 620 2248 claroque
643 2164 826 2247 resplendet
850 2184 972 2246 amore,

78 2271 117 2313 555
133 2252 322 2338 Omnigenis
346 2253 426 2318 illud
450 2250 600 2317 Christus
624 2252 799 2318 virtutibus
822 2252 952 2337 implet3

132 2342 237 2419 Quare
261 2363 356 2406 nemo
380 2342 484 2427 agitet
506 2341 640 2407 fratrem
663 2342 731 2406 zelo
755 2341 818 2406 nisi
840 2342 942 2425 iusto,

131 2430 201 2507 Quo
225 2430 357 2514 Moyses
381 2453 494 2495 aurum
519 2427 755 2515 venerantesl),
779 2451 842 2514 quo
865 2428 1014 2493 Baalitas

131 2516 350 2605 Tehbsites4),
373 2518 554 2603 Danielque
578 2517 762 2599 vafersseli
785 2515 1019 2602 famulantes.⁵)

129 2604 295 2672 Virtutem
319 2608 404 2673 hanc
427 2630 555 2692 semper
577 2608 633 2692 qui
655 2607 753 2672 vultis
777 2607 905 2692 habere,
928 2606 1071 2672 dicatum

76 2714 116 2755 510
132 2692 262 2760 Christo
286 2696 456 2760 basilicum
479 2717 613 2782 persepe
636 2697 756 2780 petatis
781 2697 921 2780 asylum,

130 2783 176 2848 Et
199 2783 340 2847 lacrimis
365 2785 493 2850 abolete
516 2785 618 2853 nefas.
663 2785 739 2850 Fuit
762 2784 840 2849 utile
864 2785 934 2869 regi

129 2872 193 2938 Pro
218 2873 286 2937 vita
309 2871 444 2937 tinxisse
468 2871 615 2959 genas⁶);
639 2874 716 2939 deus
741 2879 860 2939 annuet
885 2879 917 2938 et
939 2895 1026 2939 nunc

128 3018 341 3026 ——--—-

199 3107 251 3157 483
280 3100 406 3170 sequitur
433 3117 526 3155 versus
553 3099 584 3154 in
611 3101 719 3155 codice:
748 3102 823 3155 Ate
852 3102 978 3156 virtatem
1005 3101 1145 3176 regiamque

128 3174 271 3228 oscendere
288 3178 388 3242 tempta
406 3170 539 3227 videlicet
558 3172 762 3242 dittographia‚
783 3189 871 3241 eoque
890 3172 973 3227 omisi
1035 3177 1097 3228 498.
1117 3189 1141 3229 5.

127 3245 158 3298 in
176 3250 266 3315 pentes
339 3261 361 3299 c.
381 3245 556 3299 cocodrillcm
629 3249 679 3299 502
699 3245 804 3299 indidit
823 3242 909 3315 Irim]
928 3248 940 3298 t
958 3245 985 3299 ir
1002 3244 1033 3298 in
1051 3261 1104 3300 ras.

194 3440 224 3505 1)
231 3439 265 3492 lu
271 3439 356 3495 vesal.
370 3439 416 3511 VI,
427 3446 478 3498 441
488 3456 529 3512 sq.
574 3441 602 3512 2)
613 3440 648 3496 cf.
659 3439 759 3511 Georg.
769 3439 804 3508 II,
813 3445 866 3494 214
874 3458 914 3508 sq.
959 3441 986 3508 3)
999 3438 1083 3493 Exod.
1094 3443 1139 3493 32.

103 3506 138 3569 ¹)
153 3512 175 3557 3
188 3508 260 3576 Bes·
284 3515 326 3580 18,
347 3515 392 3568 ro.
493 3515 521 3585 s)
542 3514 614 3571 Dan.
636 3519 680 3586 14,
699 3517 801 3569 4-ar.
890 3516 919 3578 q
937 3510 1140 3576 1555555
