2468 3826
505 153 613 207 LIBER
630 152 676 210 ΙΙΙ.
1058 151 1099 216 75

86 318 161 400 Ipse
185 320 292 381 autem
317 316 457 380 clemens
480 317 653 399 largusque
676 337 792 380 novem
815 314 876 379 tibi
899 315 997 399 liquit

85 405 214 490 Partes,
237 409 273 468 ut
296 403 454 469 decimam
477 409 625 488 promtus
649 404 713 469 des.
754 402 830 468 Non
853 403 949 468 modo
974 404 1098 470 fructus

86 494 167 558 Dico
193 493 268 572 soli,
292 494 347 558 sed
373 492 524 578 quicquid
547 493 648 557 habes
672 491 830 557 decimare
854 491 1003 556 iuberis.“
1112 515 1152 556 scr

86 583 155 647 Hec
179 586 212 646 et
235 582 370 666 quisque
394 582 498 647 bonus
520 581 647 667 placido
672 602 818 646 sermone
841 581 992 665 loquatur

85 671 209 736 Doctor
232 673 265 734 et
288 669 413 734 erudiat
436 671 521 755 quod
544 671 638 735 novit
661 691 818 753 quemque
842 669 966 733 decere:

84 757 191 824 Natos
215 764 401 824 ammoneat
422 768 537 842 parere
559 759 749 843 parentibus
774 761 870 843 atque

85 846 203 912 Servos
227 851 263 911 ut
286 847 425 912 dominis
450 847 601 912 studeant
624 849 745 912 servire
767 846 892 927 fideles,

85 934 210 1001 Uxores
234 936 348 1001 doceat
372 936 533 1000 subiectas
557 957 628 1001 esse
651 935 791 1017 maritis,

85 1024 182 1089 Mites
206 1027 302 1107 atque
326 1024 398 1108 pios
421 1025 576 1089 uxoribus
600 1046 670 1090 esse
694 1025 844 1106 maritos,

86 1111 274 1197 Cunctaque
298 1134 359 1196 que
384 1117 497 1177 sancta
520 1113 586 1176 sint
608 1113 694 1178 dicat
716 1112 831 1177 idonea
855 1111 930 1175 vita.

85 1201 265 1266 Pravorum
289 1223 306 1265 e
330 1202 480 1266 manibus
504 1202 609 1286 rapiat
632 1201 800 1266 conamine
824 1221 950 1265 summo

85 1288 251 1373 Quemque
275 1290 408 1374 bonum,
431 1295 469 1354 ut
491 1289 582 1355 Raab
608 1312 669 1374 que
693 1289 753 1353 lini
775 1289 920 1353 fascibus
944 1288 1065 1352 abdens

83 1377 225 1462 Legatos
249 1379 369 1443 meruit
391 1379 547 1444 celebrari
569 1379 662 1444 laude
685 1374 867 1463 perenni1);
1112 1400 1151 1440 su

81 1465 218 1531 Nullum
242 1467 308 1530 odii
331 1490 429 1533 causa
452 1468 612 1532 disturbet
634 1468 779 1550 iniquus,
802 1467 943 1548 itemque

83 1553 218 1618 Nullum
243 1554 394 1620 defendat
417 1578 518 1638 parva
540 1556 662 1639 pietate
686 1556 855 1637 rebellem,

85 1640 146 1706 Sed
172 1642 382 1726 quodcunque
405 1644 500 1708 docet
522 1644 573 1707 vel
598 1643 683 1728 agit,
707 1643 858 1707 discretio
882 1641 997 1705 firmet.

84 1730 154 1813 Hoc
177 1731 283 1794 facere
308 1731 477 1816 ignorans,
501 1732 556 1815 qui
581 1733 756 1796 stultorum
780 1752 851 1795 esse
875 1728 1032 1815 magister

84 1818 207 1901 Possit,
230 1841 296 1884 non
319 1820 427 1904 video,
450 1821 641 1905 praesertim
665 1843 736 1885 cum
760 1823 872 1904 pateat
895 1819 979 1903 quod
1112 1843 1152 1882 sao

85 1907 126 1972 In
149 1909 276 1972 foveam
300 1909 395 1973 ambo
419 1914 517 1974 ruunt
540 1910 569 1973 si
593 1931 684 1975 cecus
708 1913 760 1974 eat
783 1909 861 1973 duce
886 1903 1001 1994 ceco.²)

85 1997 156 2062 Hac
179 1997 213 2061 in
236 2020 271 2061 00
295 1998 423 2082 quidam
447 1998 599 2082 culpandi
622 1999 794 2083 pontifices
820 2003 908 2079 sunt,

85 2085 148 2159 oui
170 2086 358 2169 plerumque
381 2089 475 2152 rudes
500 2088 679 2153 sublimant
702 2091 734 2152 et
757 2087 895 2153 viciosos

84 2171 273 2256 Ordinibus,
298 2176 396 2257 stulte
421 2177 561 2240 vitantes
586 2198 732 2259 querere,
755 2198 833 2240 num
857 2177 901 2240 sit

87 2259 223 2343 Servus,
247 2282 340 2344 quem
366 2268 507 2346 sacrant,
532 2267 588 2326 aut
610 2263 693 2327 liber
716 2264 841 2328 sobrius
866 2265 922 2326 aut
944 2283 1024 2345 non,
1112 2283 1151 2323 sss

83 2349 130 2413 Et
152 2370 233 2432 quos
257 2353 420 2433 transacta
442 2355 542 2415 testes
566 2356 660 2435 paret
683 2351 775 2415 edere
798 2352 879 2432 vite,

86 2437 172 2501 Dum
197 2439 343 2503 mercede
366 2461 481 2504 manus
504 2439 622 2504 nolunt
645 2439 821 2504 subducere
845 2439 886 2504 ab
911 2438 1007 2502 omni.

67 2525 169 2629 'Nam
198 2526 225 2589 si
254 2527 445 2592 credendum
474 2531 536 2611 est,
569 2529 738 2613 quosdam,
766 2529 842 2613 quia
870 2528 1096 2652 clamssmanus

83 2702 284 2790 Suscipiunt,
309 2729 327 2770 a
351 2705 514 2770 nonnullis
538 2705 682 2769 indebita
704 2621 888 2788 poscdliiteta
911 2619 961 2681 eet
980 2616 1008 2702 1,

83 2791 248 2877 Obsequio
271 2799 304 2859 et
326 2796 435 2876 plures
458 2793 599 2876 humane
623 2793 728 2858 laudis
752 2817 862 2860 amore
1110 2814 1150 2854 aaa

83 2877 307 2964 Sanctificant3
331 2883 474 2946 karisma
497 2886 602 2966 tuum,
626 2883 711 2965 quod
735 2884 886 2948 venditur
909 2883 991 2967 ullo,

155 3111 208 3161 864
214 3108 351 3180 promtus]
366 3109 417 3163 tici
424 3125 467 3178 pr.
479 3107 622 3178 Btidinger
630 3109 702 3165 falso
713 3127 728 3165 0
738 3127 820 3166 versu
831 3115 882 3165 863
940 3115 990 3166 861
1005 3109 1095 3182 uouit]

84 3176 227 3246 Biidinger
244 3177 315 3234 falso
333 3195 442 3247 norum,
461 3196 529 3234 corr.
549 3181 738 3236 Wattenbach
757 3183 794 3236 ib.
814 3200 840 3250 p.
863 3186 913 3236 104
1001 3185 1052 3236 872
1072 3197 1094 3236 0.

82 3254 174 3323 sanem
256 3255 308 3330 ¹8³13
328 3266 351 3304 c.
370 3252 512 3305 emunitus
593 3258 643 3308 877
664 3268 700 3307 an
714 3259 824 3322 prava?
904 3256 956 3308 884
974 3253 1094 3328 quqrerc]

84 3320 203 3374 alterum
222 3337 237 3374 r
256 3337 285 3375 m
303 3337 357 3376 ras.
376 3321 496 3377 fortasse
513 3339 564 3391 pro
583 3339 597 3377 e

156 3518 182 3583 1)
200 3516 254 3571 Ios.
274 3523 299 3584 2,
318 3521 394 3574 1-6.
451 3518 478 3584 2)
494 3516 595 3572 naoth.
612 3521 653 3585 15,
671 3522 711 3572 14.
763 3514 794 3588 ’3)
810 3517 1049 3588 Ηοο,110.1,10Χ
