2468 3826
508 127 615 181 SEXTI
633 127 788 181 AMARCII

345 342 401 411 (V.)
425 340 464 395 Dc
482 340 593 395 invidia
610 339 749 394 hominum
766 339 797 393 in
814 338 945 394 homines.

138 450 224 527 Quid
248 451 360 535 struis,
382 450 525 515 invidia?
572 448 637 515 Cur
659 449 818 533 illaqueas
842 449 989 514 homines
1014 454 1096 518 tot?

139 537 205 605 Our
227 542 279 603 tot
303 540 342 604 ad
365 540 555 604 umbrosum
578 538 732 602 mortales
756 537 870 622 dirigis
895 536 1038 604 Orcum?

138 629 187 693 Tu
211 628 374 712 quondam
397 629 432 693 in
455 628 590 692 fratrem
613 626 744 692 movisti
768 625 902 691 brachia
925 624 1020 709 Cain,

84 737 125 776 480
140 716 231 793 Quod
255 717 348 802 deus,
370 722 408 782 ut
429 718 508 781 ferri
532 716 657 780 mavult
680 715 743 778 sibi
765 715 852 798 viva,
875 716 1020 800 maniplo

137 807 271 891 Agnum
294 807 472 891 preposuit.
517 804 670 869 Tabescis
693 804 817 869 honore
840 806 1014 889 propinqui

138 894 199 960 Sed
223 918 327 981 neque
351 916 505 980 germano
529 893 745 979 congavisuro
767 894 900 977 potenti.

137 983 324 1069 Indignam,
347 1006 433 1067 reor,
458 984 543 1068 quod
567 984 738 1067 quisquam
761 988 793 1045 te
816 983 975 1047 viciorum

138 1072 294 1155 Appellat
317 1073 498 1156 minimam3
523 1072 633 1136 doleas
656 1071 745 1154 hinc,
769 1070 904 1154 dissere,
927 1092 987 1135 noc
1010 1092 1063 1136 ne.

83 1179 124 1218 asc
138 1160 232 1244 „Non
258 1159 403 1244 equidem
429 1161 580 1224 extremis
604 1181 723 1223 cuneos
748 1160 788 1224 ad
811 1160 914 1242 prelia
937 1159 1040 1243 signis

137 1248 191 1313 Me
215 1248 347 1312 ductare
371 1248 463 1312 decet
485 1269 543 1313 nec
567 1248 634 1311 tela
658 1249 824 1312 levissima
846 1249 892 1313 mi
915 1253 999 1314 sunt.

138 1335 222 1412 Quid
245 1338 374 1401 virtutis
398 1338 520 1402 habent
542 1341 653 1401 tumor
676 1341 709 1401 et
731 1337 865 1401 lascivia
888 1339 924 1401 in
946 1344 993 1420 tc,

138 1425 283 1501 Quamve
306 1426 385 1491 levis
410 1432 553 1511 stragem
576 1425 697 1490 balista
719 1426 865 1490 libidinis
888 1425 988 1490 infert

137 1513 215 1601 ¹Sola
239 1517 347 1580 anima
369 1515 455 1600 fusa,
479 1538 552 1580 oum
576 1536 636 1601 ego
661 1515 782 1599 possim
806 1515 929 1580 deicere
953 1514 1072 1581 ambo?

83 1601 281 1670 escuncias
305 1607 449 1670 carnales
473 1627 555 1689 queo
580 1606 690 1670 sordes
714 1605 840 1669 vincere
862 1603 961 1668 fidam

136 1692 250 1757 Preter
273 1695 460 1759 avariciam:
485 1717 542 1758 cur
565 1717 643 1780 ergo
666 1694 856 1774 novissima,
880 1714 949 1776 cur,
973 1693 1078 1757 sim‘?“

136 1780 208 1845 Hac
231 1782 449 1847 inflammatus
473 1782 557 1847 furia
581 1784 773 1867 quicumque
797 1783 927 1847 lacerna

136 1870 306 1935 Nobilium
329 1874 420 1934 texta
441 1872 588 1954 precioso
614 1871 752 1935 stamine
776 1869 887 1935 Serum

136 1959 315 2023 Primatem
339 1959 508 2042 splendere
532 1960 631 2042 videt,
656 1959 797 2023 deflectit
820 1960 937 2025 ocellos

82 2063 122 2104 495
137 2047 317 2132 Tamquam
341 2047 380 2112 de
403 2048 519 2132 foveis,
543 2047 598 2112 ubi
623 2048 780 2133 mingitur
804 2051 899 2132 atque
922 2046 1100 2132 cacatur1),

136 2137 261 2202 Vestini
285 2142 434 2221 satrapas
457 2137 586 2222 vulgari
608 2138 731 2202 canabe
754 2138 886 2202 malens.

136 2225 189 2317 Sic
212 2228 314 2292 frater
336 2227 472 2292 fratrem
496 2232 681 2311 susceptum
703 2230 798 2311 patre
820 2229 972 2309 nepotem

134 2315 353 2401 Indutumquo
378 2317 463 2382 stola
486 2318 603 2382 rodens
628 2317 775 2381 convivia
799 2315 929 2400 sprevit.

136 2402 239 2479 Quem
264 2406 363 2470 semel
387 2406 571 2489 apprendit,
594 2405 673 2470 facit
695 2405 781 2469 hunc
804 2425 1000 2469 marcescere
1022 2403 1108 2469 livor

81 2505 121 2547 ⁶⁰0
135 2492 184 2556 Ac
206 2492 353 2576 linguam
376 2516 485 2559 morsu
508 2497 669 2576 commoto
693 2515 781 2558 more
804 2493 914 2575 liciace

134 2578 317 2646 Debilitare
340 2583 432 2646 truci.
477 2581 559 2648 Viso
583 2583 728 2666 pollente
750 2581 935 2666 propinquo

136 2667 198 2744 Qui
220 2669 312 2751 pasci
336 2667 522 2756 artocreisl)
547 2671 627 2736 velit
650 2675 726 2756 apto
750 2670 868 2755 pollice
890 2670 985 2736 tortis

134 2755 278 2821 Murenis
303 2757 451 2843 dulcique
475 2758 598 2847 scaro⁸l
622 2761 787 2844 mulloque
810 2756 963 2844 trilibri4)

205 2970 257 3020 483
281 2966 366 3038 qaod]
391 2984 413 3022 c.
438 2983 491 3037 quo
597 2974 650 3024 484
672 2987 707 3025 ac
729 2969 844 3040 scripsit
866 2971 894 3023 M
1011 2974 1062 3025 486
1086 2976 1152 3027 omit

133 3036 247 3105 scripsit
264 3037 293 3091 M
383 3043 435 3092 487
461 3040 566 3094 acacia
588 3041 620 3095 in
641 3046 666 3095 te
684 3043 797 3111 scripsit
814 3041 844 3093 M
934 3047 986 3096 490
1009 3041 1106 3112 fidam]
1126 3059 1149 3097 c.

133 3110 225 3164 sordeo
240 3125 309 3163 corr.
324 3107 353 3161 M
406 3115 548 3165 492-533
564 3111 606 3164 ed.
621 3110 757 3166 Herschel
770 3113 788 3166 l.
804 3113 821 3166 l.
837 3130 864 3181 p.
881 3116 993 3181 111sq.,
1008 3111 1151 3181 Blidinger

134 3177 152 3233 l.
172 3178 190 3234 l.
210 3197 236 3249 p.
258 3184 336 3235 1911.
356 3185 390 3234 59
480 3186 533 3236 495
556 3183 616 3253 ati]
643 3199 665 3237 c.
687 3184 729 3237 iti
747 3199 816 3240 corr.
836 3183 906 3237 Bou.
996 3199 1019 3238 c.
1039 3188 1084 3239 cat

133 3255 186 3305 499
205 3251 328 3323 culpari]
346 3253 358 3305 i
375 3252 453 3322 prius
472 3269 486 3309 a
558 3259 610 3308 50³
629 3254 745 3327 trilibri]
765 3257 848 3310 antea
866 3256 919 3310 titi
936 3256 1003 3310 libri
1078 3294 1095 3333 ,Ι

668 3332 693 3361 a·
963 3360 967 3367 1
1084 3332 1090 3341 .

133 3371 347 3381 ——-—-—

206 3431 233 3496 1)
251 3429 318 3483 Hor.
338 3429 394 3484 Sat.
414 3429 435 3499 Ι,
456 3434 480 3499 8,
500 3434 541 3485 38.
607 3431 635 3500 2)
653 3431 729 3486 Pers.
749 3432 796 3499 VI,
815 3438 858 3488 50.
917 3376 1039 3499 hor.
1059 3431 1141 3502 Epod

181 3502 212 3551 'to
231 3499 261 3552 et
279 3498 365 3555 schol.
385 3500 485 3557 Acron.
558 3502 587 3571 4)
605 3501 671 3557 Hor.
692 3502 749 3557 Sat.
769 3503 803 3571 11,
827 3509 852 3571 2,
871 3508 914 3558 22.
934 3507 968 3556 ³³
979 3520 1020 3571 sq.
