<?xml version="1.0" encoding="UTF-8"?>
<!DOCTYPE html PUBLIC "-//W3C//DTD XHTML 1.0 Transitional//EN"
    "http://www.w3.org/TR/xhtml1/DTD/xhtml1-transitional.dtd">
<html xmlns="http://www.w3.org/1999/xhtml" xml:lang="en" lang="en">
 <head>
  <title>
</title>
<meta http-equiv="Content-Type" content="text/html;charset=utf-8" />
  <meta name='ocr-system' content='tesseract 3.04.00' />
  <meta name='ocr-capabilities' content='ocr_page ocr_carea ocr_par ocr_line ocrx_word'/>
</head>
<body>
  <div class='ocr_page' id='page_1' title='image "./sextiamarciigal00manigoog_0116.png"; bbox 0 0 2468 3826; ppageno 0'>
   <div class='ocr_carea' id='block_1_1' title="bbox 477 146 1072 232">
    <p class='ocr_par' dir='ltr' id='par_1_1' title="bbox 477 146 1072 232">
     <span class='ocr_line' id='line_1_1' title="bbox 477 146 1072 232; baseline 0.003 -13"><span class='ocrx_word' id='word_1_1' title='bbox 477 165 585 220; x_wconf 82' lang='lat' dir='ltr'>urana</span> <span class='ocrx_word' id='word_1_2' title='bbox 602 164 651 220; x_wconf 81' lang='lat' dir='ltr'>rr.</span> <span class='ocrx_word' id='word_1_3' title='bbox 972 146 977 155; x_wconf 84' lang='lat'><em>&#39;</em></span> <span class='ocrx_word' id='word_1_4' title='bbox 1029 166 1072 232; x_wconf 86' lang='lat'>93</span> 
     </span>
    </p>
   </div>
   <div class='ocr_carea' id='block_1_2' title="bbox 54 325 1126 3073">
    <p class='ocr_par' dir='ltr' id='par_1_2' title="bbox 57 325 1126 681">
     <span class='ocr_line' id='line_1_2' title="bbox 57 325 992 415; baseline 0.001 -21"><span class='ocrx_word' id='word_1_5' title='bbox 57 330 217 413; x_wconf 83' lang='lat' dir='ltr'>Nauseat,</span> <span class='ocrx_word' id='word_1_6' title='bbox 240 325 424 415; x_wconf 76' lang='lat' dir='ltr'>ictericus1)</span> <span class='ocrx_word' id='word_1_7' title='bbox 448 332 583 411; x_wconf 88' lang='lat' dir='ltr'>cretam,</span> <span class='ocrx_word' id='word_1_8' title='bbox 608 329 789 414; x_wconf 82' lang='lat' dir='ltr'><strong>raphanum</strong></span> <span class='ocrx_word' id='word_1_9' title='bbox 812 329 992 413; x_wconf 85' lang='lat' dir='ltr'>peducosus</span> 
     </span>
     <span class='ocr_line' id='line_1_3' title="bbox 57 417 1126 501; baseline 0 -18"><span class='ocrx_word' id='word_1_10' title='bbox 57 419 184 483; x_wconf 90' lang='lat' dir='ltr'>Invitus</span> <span class='ocrx_word' id='word_1_11' title='bbox 208 418 305 501; x_wconf 90' lang='lat' dir='ltr'>bibit,</span> <span class='ocrx_word' id='word_1_12' title='bbox 329 439 365 482; x_wconf 89' lang='lat' dir='ltr'>os</span> <span class='ocrx_word' id='word_1_13' title='bbox 391 417 596 500; x_wconf 90' lang='lat' dir='ltr'>apoplexicus</span> <span class='ocrx_word' id='word_1_14' title='bbox 620 439 640 480; x_wconf 92' lang='lat' dir='ltr'>a</span> <span class='ocrx_word' id='word_1_15' title='bbox 662 417 816 482; x_wconf 87' lang='lat' dir='ltr'>basilisca</span> <span class='ocrx_word' id='word_1_16' title='bbox 1086 434 1126 474; x_wconf 76' lang='grc'>400</span> 
     </span>
     <span class='ocr_line' id='line_1_4' title="bbox 58 505 1044 590; baseline 0 -18"><span class='ocrx_word' id='word_1_17' title='bbox 58 506 240 572; x_wconf 80' lang='lat' dir='ltr'>Contrahit.</span> <span class='ocrx_word' id='word_1_18' title='bbox 285 506 420 589; x_wconf 89' lang='lat' dir='ltr'>Insulsi,</span> <span class='ocrx_word' id='word_1_19' title='bbox 443 507 498 589; x_wconf 91' lang='lat' dir='ltr'>qui</span> <span class='ocrx_word' id='word_1_20' title='bbox 520 505 734 590; x_wconf 81' lang='lat' dir='ltr'>ignominiam</span> <span class='ocrx_word' id='word_1_21' title='bbox 759 528 828 571; x_wconf 86' lang='lat' dir='ltr'>essa</span> <span class='ocrx_word' id='word_1_22' title='bbox 851 508 975 590; x_wconf 85' lang='lat' dir='ltr'>putatis</span> <span class='ocrx_word' id='word_1_23' title='bbox 1041 516 1044 522; x_wconf 86' lang='lat'>&#39;</span> 
     </span>
     <span class='ocr_line' id='line_1_5' title="bbox 57 594 987 681; baseline 0 -21"><span class='ocrx_word' id='word_1_24' title='bbox 57 595 233 679; x_wconf 82' lang='lat' dir='ltr'>Grandem,</span> <span class='ocrx_word' id='word_1_25' title='bbox 257 596 285 660; x_wconf 90' lang='lat' dir='ltr'>si</span> <span class='ocrx_word' id='word_1_26' title='bbox 309 594 429 660; x_wconf 83' lang='lat' dir='ltr'>stultus</span> <span class='ocrx_word' id='word_1_27' title='bbox 452 595 546 660; x_wconf 88' lang='lat' dir='ltr'>vobis</span> <span class='ocrx_word' id='word_1_28' title='bbox 569 594 669 660; x_wconf 81' lang='lat' dir='ltr'>infert</span> <span class='ocrx_word' id='word_1_29' title='bbox 692 595 780 660; x_wconf 87' lang='lat' dir='ltr'>mala</span> <span class='ocrx_word' id='word_1_30' title='bbox 802 597 987 681; x_wconf 88' lang='lat' dir='ltr'>quisquam,</span> 
     </span>
    </p>

    <p class='ocr_par' dir='ltr' id='par_1_3' title="bbox 56 683 975 769">
     <span class='ocr_line' id='line_1_6' title="bbox 56 683 975 769; baseline 0 -19"><span class='ocrx_word' id='word_1_31' title='bbox 56 684 101 750; x_wconf 89' lang='lat' dir='ltr'>Ni</span> <span class='ocrx_word' id='word_1_32' title='bbox 126 686 268 750; x_wconf 89' lang='lat' dir='ltr'>vindicta</span> <span class='ocrx_word' id='word_1_33' title='bbox 291 683 373 749; x_wconf 88' lang='lat' dir='ltr'>assit</span> <span class='ocrx_word' id='word_1_34' title='bbox 397 684 567 749; x_wconf 90' lang='lat' dir='ltr'>subitanea</span> <span class='ocrx_word' id='word_1_35' title='bbox 590 687 624 748; x_wconf 86' lang='lat' dir='ltr'>ct</span> <span class='ocrx_word' id='word_1_36' title='bbox 646 684 731 750; x_wconf 90' lang='lat' dir='ltr'>huno</span> <span class='ocrx_word' id='word_1_37' title='bbox 755 705 850 769; x_wconf 83' lang='lat' dir='ltr'>mage</span> <span class='ocrx_word' id='word_1_38' title='bbox 873 684 975 750; x_wconf 84' lang='lat' dir='ltr'>torvis</span> 
     </span>
    </p>

    <p class='ocr_par' dir='ltr' id='par_1_4' title="bbox 56 772 1125 1037">
     <span class='ocr_line' id='line_1_7' title="bbox 58 772 1072 860; baseline 0.002 -23"><span class='ocrx_word' id='word_1_39' title='bbox 58 773 161 850; x_wconf 85' lang='lat' dir='ltr'>Quam</span> <span class='ocrx_word' id='word_1_40' title='bbox 185 774 253 838; x_wconf 84' lang='lat' dir='ltr'>linx</span> <span class='ocrx_word' id='word_1_41' title='bbox 273 778 330 839; x_wconf 89' lang='lat' dir='ltr'>aut</span> <span class='ocrx_word' id='word_1_42' title='bbox 349 772 448 856; x_wconf 73' lang='lat' dir='ltr'>Bioiq,</span> <span class='ocrx_word' id='word_1_43' title='bbox 473 793 535 857; x_wconf 73' lang='lat' dir='ltr'>que</span> <span class='ocrx_word' id='word_1_44' title='bbox 553 774 728 857; x_wconf 88' lang='lat' dir='ltr'>hominem,</span> <span class='ocrx_word' id='word_1_45' title='bbox 752 773 779 837; x_wconf 88' lang='lat' dir='ltr'>si</span> <span class='ocrx_word' id='word_1_46' title='bbox 799 774 926 838; x_wconf 88' lang='lat' dir='ltr'>credere</span> <span class='ocrx_word' id='word_1_47' title='bbox 944 774 994 839; x_wconf 86' lang='lat' dir='ltr'>fas</span> <span class='ocrx_word' id='word_1_48' title='bbox 1014 778 1072 860; x_wconf 89' lang='lat' dir='ltr'>est,</span> 
     </span>
     <span class='ocr_line' id='line_1_8' title="bbox 56 860 1125 946; baseline 0 -20"><span class='ocrx_word' id='word_1_49' title='bbox 56 861 181 927; x_wconf 91' lang='lat' dir='ltr'>Intuitu</span> <span class='ocrx_word' id='word_1_50' title='bbox 205 860 415 946; x_wconf 60' lang='lat' dir='ltr'>perimuntl),</span> <span class='ocrx_word' id='word_1_51' title='bbox 439 862 541 926; x_wconf 92' lang='lat' dir='ltr'>oculis</span> <span class='ocrx_word' id='word_1_52' title='bbox 564 863 705 926; x_wconf 90' lang='lat' dir='ltr'>lustrare</span> <span class='ocrx_word' id='word_1_53' title='bbox 729 862 857 926; x_wconf 86' lang='lat' dir='ltr'>soletis!</span> <span class='ocrx_word' id='word_1_54' title='bbox 1085 877 1125 918; x_wconf 76' lang='grc'>400</span> 
     </span>
     <span class='ocr_line' id='line_1_9' title="bbox 58 949 934 1037; baseline -0.001 -21"><span class='ocrx_word' id='word_1_55' title='bbox 58 949 271 1030; x_wconf 83' lang='lat' dir='ltr'>Seminecenr,</span> <span class='ocrx_word' id='word_1_56' title='bbox 293 951 433 1034; x_wconf 88' lang='lat' dir='ltr'>iuvenis,</span> <span class='ocrx_word' id='word_1_57' title='bbox 455 954 493 1015; x_wconf 91' lang='lat' dir='ltr'>tu</span> <span class='ocrx_word' id='word_1_58' title='bbox 516 954 548 1013; x_wconf 87' lang='lat' dir='ltr'>te</span> <span class='ocrx_word' id='word_1_59' title='bbox 571 951 657 1016; x_wconf 89' lang='lat' dir='ltr'>inter</span> <span class='ocrx_word' id='word_1_60' title='bbox 681 950 798 1016; x_wconf 88' lang='lat' dir='ltr'>balnea</span> <span class='ocrx_word' id='word_1_61' title='bbox 820 950 934 1037; x_wconf 79' lang='lat' dir='ltr'>fingis,</span> 
     </span>
    </p>

    <p class='ocr_par' dir='ltr' id='par_1_5' title="bbox 56 1039 937 1124">
     <span class='ocr_line' id='line_1_10' title="bbox 56 1039 937 1124; baseline 0.002 -21"><span class='ocrx_word' id='word_1_62' title='bbox 56 1039 167 1104; x_wconf 86' lang='lat' dir='ltr'>Mutus</span> <span class='ocrx_word' id='word_1_63' title='bbox 191 1062 239 1119; x_wconf 88' lang='lat' dir='ltr'>es,</span> <span class='ocrx_word' id='word_1_64' title='bbox 261 1043 300 1104; x_wconf 88' lang='lat' dir='ltr'>ut</span> <span class='ocrx_word' id='word_1_65' title='bbox 323 1043 451 1122; x_wconf 89' lang='lat' dir='ltr'>sumpta</span> <span class='ocrx_word' id='word_1_66' title='bbox 472 1040 576 1103; x_wconf 85' lang='lat' dir='ltr'>fertur</span> <span class='ocrx_word' id='word_1_67' title='bbox 599 1040 689 1103; x_wconf 87' lang='lat' dir='ltr'>canis</span> <span class='ocrx_word' id='word_1_68' title='bbox 713 1061 783 1104; x_wconf 88' lang='lat' dir='ltr'>assa</span> <span class='ocrx_word' id='word_1_69' title='bbox 806 1040 937 1124; x_wconf 86' lang='lat' dir='ltr'>rubeta,</span> 
     </span>
    </p>

    <p class='ocr_par' dir='ltr' id='par_1_6' title="bbox 58 1125 947 1214">
     <span class='ocr_line' id='line_1_11' title="bbox 58 1125 947 1214; baseline 0.002 -23"><span class='ocrx_word' id='word_1_70' title='bbox 58 1128 179 1193; x_wconf 84' lang='lat' dir='ltr'>Surdus</span> <span class='ocrx_word' id='word_1_71' title='bbox 204 1151 251 1212; x_wconf 90' lang='lat' dir='ltr'>es,</span> <span class='ocrx_word' id='word_1_72' title='bbox 273 1131 311 1192; x_wconf 90' lang='lat' dir='ltr'>ut</span> <span class='ocrx_word' id='word_1_73' title='bbox 333 1125 452 1192; x_wconf 84' lang='lat' dir='ltr'>Marsis</span> <span class='ocrx_word' id='word_1_74' title='bbox 476 1149 510 1192; x_wconf 89' lang='lat' dir='ltr'>se</span> <span class='ocrx_word' id='word_1_75' title='bbox 533 1128 648 1211; x_wconf 87' lang='lat' dir='ltr'>prebet</span> <span class='ocrx_word' id='word_1_76' title='bbox 671 1129 820 1193; x_wconf 74' lang='lat' dir='ltr'>cantibus</span> <span class='ocrx_word' id='word_1_77' title='bbox 844 1127 947 1214; x_wconf 84' lang='lat' dir='ltr'>aspis,</span> 
     </span>
    </p>

    <p class='ocr_par' dir='ltr' id='par_1_7' title="bbox 57 1214 1002 1301">
     <span class='ocr_line' id='line_1_12' title="bbox 57 1214 1002 1301; baseline 0.003 -21"><span class='ocrx_word' id='word_1_78' title='bbox 57 1214 159 1281; x_wconf 77' lang='lat' dir='ltr'>(locus</span> <span class='ocrx_word' id='word_1_79' title='bbox 184 1239 231 1300; x_wconf 91' lang='lat' dir='ltr'>es,</span> <span class='ocrx_word' id='word_1_80' title='bbox 253 1221 291 1281; x_wconf 84' lang='lat' dir='ltr'>ut</span> <span class='ocrx_word' id='word_1_81' title='bbox 314 1239 380 1281; x_wconf 90' lang='lat' dir='ltr'>non</span> <span class='ocrx_word' id='word_1_82' title='bbox 403 1217 477 1299; x_wconf 91' lang='lat' dir='ltr'>plus</span> <span class='ocrx_word' id='word_1_83' title='bbox 501 1216 611 1281; x_wconf 84' lang='lat' dir='ltr'>videas</span> <span class='ocrx_word' id='word_1_84' title='bbox 636 1239 733 1301; x_wconf 90' lang='lat' dir='ltr'>quam</span> <span class='ocrx_word' id='word_1_85' title='bbox 756 1217 865 1283; x_wconf 90' lang='lat' dir='ltr'>cecula</span> <span class='ocrx_word' id='word_1_86' title='bbox 888 1219 1002 1284; x_wconf 88' lang='lat' dir='ltr'>lucem.</span> 
     </span>
    </p>

    <p class='ocr_par' dir='ltr' id='par_1_8' title="bbox 55 1304 1125 1480">
     <span class='ocr_line' id='line_1_13' title="bbox 55 1304 1125 1389; baseline 0.002 -20"><span class='ocrx_word' id='word_1_87' title='bbox 55 1304 102 1369; x_wconf 92' lang='lat' dir='ltr'>Ut</span> <span class='ocrx_word' id='word_1_88' title='bbox 126 1305 260 1389; x_wconf 89' lang='lat' dir='ltr'>querula</span> <span class='ocrx_word' id='word_1_89' title='bbox 283 1306 389 1369; x_wconf 83' lang='lat' dir='ltr'>tenuis</span> <span class='ocrx_word' id='word_1_90' title='bbox 413 1310 559 1370; x_wconf 87' lang='lat' dir='ltr'>recreata</span> <span class='ocrx_word' id='word_1_91' title='bbox 581 1306 739 1370; x_wconf 89' lang='lat' dir='ltr'>novacula</span> <span class='ocrx_word' id='word_1_92' title='bbox 762 1310 833 1371; x_wconf 81' lang='lat' dir='ltr'>cola</span> <span class='ocrx_word' id='word_1_93' title='bbox 1085 1321 1125 1362; x_wconf 78' lang='grc'>400</span> 
     </span>
     <span class='ocr_line' id='line_1_14' title="bbox 56 1391 847 1480; baseline 0.003 -23"><span class='ocrx_word' id='word_1_94' title='bbox 56 1393 181 1458; x_wconf 90' lang='lat' dir='ltr'>Pubere</span> <span class='ocrx_word' id='word_1_95' title='bbox 204 1398 236 1459; x_wconf 90' lang='lat' dir='ltr'>te</span> <span class='ocrx_word' id='word_1_96' title='bbox 259 1394 353 1460; x_wconf 81' lang='lat' dir='ltr'>vultu</span> <span class='ocrx_word' id='word_1_97' title='bbox 376 1394 503 1476; x_wconf 90' lang='lat' dir='ltr'>prolixa</span> <span class='ocrx_word' id='word_1_98' title='bbox 526 1391 709 1480; x_wconf 79' lang='lat' dir='ltr'>segre[ge³)</span> <span class='ocrx_word' id='word_1_99' title='bbox 733 1394 847 1475; x_wconf 89' lang='lat' dir='ltr'>barba]</span> 
     </span>
    </p>

    <p class='ocr_par' dir='ltr' id='par_1_9' title="bbox 56 1481 1070 1654">
     <span class='ocr_line' id='line_1_15' title="bbox 56 1481 1070 1568; baseline 0.003 -23"><span class='ocrx_word' id='word_1_100' title='bbox 56 1481 185 1547; x_wconf 81' lang='lat' dir='ltr'>Reddat</span> <span class='ocrx_word' id='word_1_101' title='bbox 208 1486 240 1546; x_wconf 83' lang='lat' dir='ltr'>et</span> <span class='ocrx_word' id='word_1_102' title='bbox 262 1483 392 1546; x_wconf 78' lang='lat' dir='ltr'>incedas</span> <span class='ocrx_word' id='word_1_103' title='bbox 416 1482 537 1547; x_wconf 89' lang='lat' dir='ltr'>nitidus</span> <span class='ocrx_word' id='word_1_104' title='bbox 560 1484 760 1566; x_wconf 87' lang='lat' dir='ltr'>pervince[re</span> <span class='ocrx_word' id='word_1_105' title='bbox 785 1485 918 1568; x_wconf 85' lang='lat' dir='ltr'>nuptas]</span> <span class='ocrx_word' id='word_1_106' title='bbox 944 1520 986 1532; x_wconf 90' lang='lat'><em>-</em></span> <span class='ocrx_word' id='word_1_107' title='bbox 1061 1546 1070 1559; x_wconf 71' lang='grc'>,</span> 
     </span>
     <span class='ocr_line' id='line_1_16' title="bbox 57 1569 922 1654; baseline 0.003 -21"><span class='ocrx_word' id='word_1_108' title='bbox 57 1569 147 1634; x_wconf 83' lang='lat' dir='ltr'>Seria</span> <span class='ocrx_word' id='word_1_109' title='bbox 169 1570 306 1635; x_wconf 88' lang='lat' dir='ltr'>ridiculo</span> <span class='ocrx_word' id='word_1_110' title='bbox 331 1569 407 1654; x_wconf 90' lang='lat' dir='ltr'>quid</span> <span class='ocrx_word' id='word_1_111' title='bbox 431 1572 525 1636; x_wconf 91' lang='lat' dir='ltr'>obest</span> <span class='ocrx_word' id='word_1_112' title='bbox 549 1592 696 1636; x_wconf 87' lang='lat' dir='ltr'>sermone</span> <span class='ocrx_word' id='word_1_113' title='bbox 719 1570 858 1637; x_wconf 81' lang='lat' dir='ltr'>notare?</span> <span class='ocrx_word' id='word_1_114' title='bbox 883 1608 922 1618; x_wconf 97' lang='lat'><em>-</em></span> 
     </span>
    </p>

    <p class='ocr_par' dir='ltr' id='par_1_10' title="bbox 58 1658 932 1745">
     <span class='ocr_line' id='line_1_17' title="bbox 58 1658 932 1745; baseline 0.001 -23"><span class='ocrx_word' id='word_1_115' title='bbox 58 1658 111 1722; x_wconf 85' lang='lat' dir='ltr'>Sic</span> <span class='ocrx_word' id='word_1_116' title='bbox 132 1658 184 1722; x_wconf 89' lang='lat' dir='ltr'>fac</span> <span class='ocrx_word' id='word_1_117' title='bbox 207 1659 403 1723; x_wconf 73' lang='lat' dir='ltr'>nocticulam</span> <span class='ocrx_word' id='word_1_118' title='bbox 428 1659 559 1724; x_wconf 88' lang='lat' dir='ltr'>simules</span> <span class='ocrx_word' id='word_1_119' title='bbox 584 1660 744 1745; x_wconf 79' lang='lat' dir='ltr'>gravitate</span> <span class='ocrx_word' id='word_1_120' title='bbox 769 1681 932 1744; x_wconf 86' lang='lat' dir='ltr'>soporem,</span> 
     </span>
    </p>

    <p class='ocr_par' dir='ltr' id='par_1_11' title="bbox 55 1747 1124 1921">
     <span class='ocr_line' id='line_1_18' title="bbox 57 1747 1124 1832; baseline 0.002 -21"><span class='ocrx_word' id='word_1_121' title='bbox 57 1747 104 1811; x_wconf 87' lang='lat' dir='ltr'>Ut</span> <span class='ocrx_word' id='word_1_122' title='bbox 127 1750 185 1811; x_wconf 83' lang='lat' dir='ltr'>tua</span> <span class='ocrx_word' id='word_1_123' title='bbox 208 1748 258 1811; x_wconf 89' lang='lat' dir='ltr'>vir</span> <span class='ocrx_word' id='word_1_124' title='bbox 280 1747 414 1812; x_wconf 88' lang='lat' dir='ltr'>rabidus</span> <span class='ocrx_word' id='word_1_125' title='bbox 439 1749 557 1813; x_wconf 86' lang='lat' dir='ltr'>sarcire</span> <span class='ocrx_word' id='word_1_126' title='bbox 580 1749 709 1831; x_wconf 89' lang='lat' dir='ltr'>piacula</span> <span class='ocrx_word' id='word_1_127' title='bbox 733 1748 838 1832; x_wconf 89' lang='lat' dir='ltr'>quivis</span> <span class='ocrx_word' id='word_1_128' title='bbox 1084 1764 1124 1807; x_wconf 80' lang='grc'>400</span> 
     </span>
     <span class='ocr_line' id='line_1_19' title="bbox 55 1835 871 1921; baseline 0.004 -22"><span class='ocrx_word' id='word_1_129' title='bbox 55 1835 177 1900; x_wconf 88' lang='lat' dir='ltr'>lctibus</span> <span class='ocrx_word' id='word_1_130' title='bbox 202 1839 258 1901; x_wconf 83' lang='lat' dir='ltr'>aul</span> <span class='ocrx_word' id='word_1_131' title='bbox 282 1858 383 1901; x_wconf 87' lang='lat' dir='ltr'>sanna</span> <span class='ocrx_word' id='word_1_132' title='bbox 407 1840 504 1921; x_wconf 84' lang='lat' dir='ltr'>queat</span> <span class='ocrx_word' id='word_1_133' title='bbox 527 1838 715 1921; x_wconf 88' lang='lat' dir='ltr'>ornerisque</span> <span class='ocrx_word' id='word_1_134' title='bbox 738 1837 871 1902; x_wconf 87' lang='lat' dir='ltr'>iuventa</span> 
     </span>
    </p>

    <p class='ocr_par' dir='ltr' id='par_1_12' title="bbox 56 1923 873 2010">
     <span class='ocr_line' id='line_1_20' title="bbox 56 1923 873 2010; baseline 0.004 -22"><span class='ocrx_word' id='word_1_135' title='bbox 56 1923 224 1989; x_wconf 87' lang='lat' dir='ltr'>Virtutum</span> <span class='ocrx_word' id='word_1_136' title='bbox 247 1925 391 2010; x_wconf 86' lang='lat' dir='ltr'>placida,</span> <span class='ocrx_word' id='word_1_137' title='bbox 415 1930 578 1991; x_wconf 91' lang='lat' dir='ltr'>summoto</span> <span class='ocrx_word' id='word_1_138' title='bbox 602 1927 690 1991; x_wconf 86' lang='lat' dir='ltr'>crine</span> <span class='ocrx_word' id='word_1_139' title='bbox 712 1930 873 1992; x_wconf 89' lang='lat' dir='ltr'>notarum.</span> 
     </span>
    </p>

    <p class='ocr_par' dir='ltr' id='par_1_13' title="bbox 57 2012 927 2098">
     <span class='ocr_line' id='line_1_21' title="bbox 57 2012 927 2098; baseline 0.003 -22"><span class='ocrx_word' id='word_1_140' title='bbox 57 2012 120 2089; x_wconf 80' lang='lat' dir='ltr'>Qui</span> <span class='ocrx_word' id='word_1_141' title='bbox 142 2014 275 2098; x_wconf 89' lang='lat' dir='ltr'>paulum</span> <span class='ocrx_word' id='word_1_142' title='bbox 298 2014 385 2079; x_wconf 91' lang='lat' dir='ltr'>lesus</span> <span class='ocrx_word' id='word_1_143' title='bbox 408 2014 589 2080; x_wconf 88' lang='lat' dir='ltr'>fumantem</span> <span class='ocrx_word' id='word_1_144' title='bbox 612 2015 740 2080; x_wconf 89' lang='lat' dir='ltr'>imitare</span> <span class='ocrx_word' id='word_1_145' title='bbox 763 2016 927 2082; x_wconf 83' lang='lat' dir='ltr'>Veserum</span> 
     </span>
    </p>

    <p class='ocr_par' dir='ltr' id='par_1_14' title="bbox 55 2099 774 2188">
     <span class='ocr_line' id='line_1_22' title="bbox 55 2099 774 2188; baseline 0.004 -23"><span class='ocrx_word' id='word_1_146' title='bbox 55 2099 123 2166; x_wconf 91' lang='lat' dir='ltr'>Nec</span> <span class='ocrx_word' id='word_1_147' title='bbox 146 2106 180 2166; x_wconf 88' lang='lat' dir='ltr'>te</span> <span class='ocrx_word' id='word_1_148' title='bbox 203 2104 312 2168; x_wconf 88' lang='lat' dir='ltr'>metiri</span> <span class='ocrx_word' id='word_1_149' title='bbox 335 2103 383 2168; x_wconf 87' lang='lat' dir='ltr'>vis</span> <span class='ocrx_word' id='word_1_150' title='bbox 406 2104 577 2169; x_wconf 89' lang='lat' dir='ltr'>materiam</span> <span class='ocrx_word' id='word_1_151' title='bbox 601 2105 774 2188; x_wconf 90' lang='lat' dir='ltr'>cariosam,</span> 
     </span>
    </p>

    <p class='ocr_par' dir='ltr' id='par_1_15' title="bbox 54 2189 1124 2363">
     <span class='ocr_line' id='line_1_23' title="bbox 56 2189 1124 2276; baseline 0.004 -22"><span class='ocrx_word' id='word_1_152' title='bbox 56 2189 192 2265; x_wconf 78' lang='lat' dir='ltr'>Quando</span> <span class='ocrx_word' id='word_1_153' title='bbox 215 2213 275 2273; x_wconf 88' lang='lat' dir='ltr'>pro</span> <span class='ocrx_word' id='word_1_154' title='bbox 299 2189 430 2256; x_wconf 81' lang='lat' dir='ltr'>Christo</span> <span class='ocrx_word' id='word_1_155' title='bbox 453 2192 554 2255; x_wconf 84' lang='lat' dir='ltr'>ferres</span> <span class='ocrx_word' id='word_1_156' title='bbox 577 2196 740 2256; x_wconf 87' lang='lat' dir='ltr'>tormenta</span> <span class='ocrx_word' id='word_1_157' title='bbox 763 2193 813 2257; x_wconf 87' lang='lat' dir='ltr'>vel</span> <span class='ocrx_word' id='word_1_158' title='bbox 838 2193 953 2276; x_wconf 82' lang='lat' dir='ltr'>ignes?</span> <span class='ocrx_word' id='word_1_159' title='bbox 1083 2210 1124 2249; x_wconf 75' lang='lat'>44⁰</span> 
     </span>
     <span class='ocr_line' id='line_1_24' title="bbox 54 2276 926 2363; baseline 0.005 -23"><span class='ocrx_word' id='word_1_160' title='bbox 54 2276 218 2343; x_wconf 87' lang='lat' dir='ltr'>Deficeres</span> <span class='ocrx_word' id='word_1_161' title='bbox 241 2283 390 2362; x_wconf 86' lang='lat' dir='ltr'>presente</span> <span class='ocrx_word' id='word_1_162' title='bbox 414 2279 515 2363; x_wconf 92' lang='lat' dir='ltr'>malo,</span> <span class='ocrx_word' id='word_1_163' title='bbox 539 2300 633 2362; x_wconf 90' lang='lat' dir='ltr'>quem</span> <span class='ocrx_word' id='word_1_164' title='bbox 656 2284 770 2362; x_wconf 91' lang='lat' dir='ltr'>raptus</span> <span class='ocrx_word' id='word_1_165' title='bbox 795 2280 834 2344; x_wconf 90' lang='lat' dir='ltr'>ad</span> <span class='ocrx_word' id='word_1_166' title='bbox 860 2280 926 2344; x_wconf 87' lang='lat' dir='ltr'>alta</span> 
     </span>
    </p>

    <p class='ocr_par' dir='ltr' id='par_1_16' title="bbox 54 2365 783 2452">
     <span class='ocr_line' id='line_1_25' title="bbox 54 2365 783 2452; baseline 0 -21"><span class='ocrx_word' id='word_1_167' title='bbox 54 2366 141 2431; x_wconf 83' lang='lat' dir='ltr'>Exul</span> <span class='ocrx_word' id='word_1_168' title='bbox 164 2367 308 2452; x_wconf 79' lang='lat' dir='ltr'>signavit</span> <span class='ocrx_word' id='word_1_169' title='bbox 332 2367 491 2431; x_wconf 88' lang='lat' dir='ltr'>sexcentis</span> <span class='ocrx_word' id='word_1_170' title='bbox 514 2366 663 2432; x_wconf 90' lang='lat' dir='ltr'>undecies</span> <span class='ocrx_word' id='word_1_171' title='bbox 687 2365 783 2452; x_wconf 77' lang='lat' dir='ltr'>sex.4)</span> 
     </span>
    </p>

    <p class='ocr_par' dir='ltr' id='par_1_17' title="bbox 54 2455 817 2540">
     <span class='ocr_line' id='line_1_26' title="bbox 54 2455 817 2540; baseline 0.001 -21"><span class='ocrx_word' id='word_1_172' title='bbox 54 2455 118 2520; x_wconf 91' lang='lat' dir='ltr'>Hic</span> <span class='ocrx_word' id='word_1_173' title='bbox 140 2455 196 2538; x_wconf 93' lang='lat' dir='ltr'>pia</span> <span class='ocrx_word' id='word_1_174' title='bbox 219 2458 405 2520; x_wconf 86' lang='lat' dir='ltr'>sanctorum</span> <span class='ocrx_word' id='word_1_175' title='bbox 429 2455 568 2540; x_wconf 82' lang='lat' dir='ltr'>collegia</span> <span class='ocrx_word' id='word_1_176' title='bbox 591 2456 817 2540; x_wconf 88' lang='lat' dir='ltr'>mortificabit,</span> 
     </span>
    </p>

    <p class='ocr_par' dir='ltr' id='par_1_18' title="bbox 56 2544 847 2630">
     <span class='ocr_line' id='line_1_27' title="bbox 56 2544 847 2630; baseline -0.001 -22"><span class='ocrx_word' id='word_1_177' title='bbox 56 2544 178 2609; x_wconf 90' lang='lat' dir='ltr'>Multos</span> <span class='ocrx_word' id='word_1_178' title='bbox 202 2544 375 2630; x_wconf 84' lang='lat' dir='ltr'>prodigiis,</span> <span class='ocrx_word' id='word_1_179' title='bbox 396 2545 515 2610; x_wconf 89' lang='lat' dir='ltr'>multos</span> <span class='ocrx_word' id='word_1_180' title='bbox 539 2544 669 2610; x_wconf 78' lang='lat' dir='ltr'>feritate</span> <span class='ocrx_word' id='word_1_181' title='bbox 693 2544 847 2610; x_wconf 89' lang='lat' dir='ltr'>domabit.</span> 
     </span>
    </p>

    <p class='ocr_par' dir='ltr' id='par_1_19' title="bbox 55 2632 1122 3073">
     <span class='ocr_line' id='line_1_28' title="bbox 55 2632 1122 2718; baseline -0.002 -22"><span class='ocrx_word' id='word_1_182' title='bbox 55 2633 146 2698; x_wconf 82' lang='lat' dir='ltr'>Tunc</span> <span class='ocrx_word' id='word_1_183' title='bbox 170 2656 259 2699; x_wconf 87' lang='lat' dir='ltr'>sacer</span> <span class='ocrx_word' id='word_1_184' title='bbox 282 2633 419 2718; x_wconf 86' lang='lat' dir='ltr'>Helyas,</span> <span class='ocrx_word' id='word_1_185' title='bbox 441 2637 520 2699; x_wconf 86' lang='lat' dir='ltr'>tunc</span> <span class='ocrx_word' id='word_1_186' title='bbox 542 2634 637 2700; x_wconf 85' lang='lat' dir='ltr'>vivax</span> <span class='ocrx_word' id='word_1_187' title='bbox 662 2634 787 2699; x_wconf 88' lang='lat' dir='ltr'>occidet</span> <span class='ocrx_word' id='word_1_188' title='bbox 808 2632 929 2699; x_wconf 79' lang='lat' dir='ltr'>Enoch.</span> <span class='ocrx_word' id='word_1_189' title='bbox 1082 2653 1122 2694; x_wconf 74' lang='lat' dir='ltr'>aa</span> 
     </span>
     <span class='ocr_line' id='line_1_29' title="bbox 56 2721 989 2806; baseline 0.001 -19"><span class='ocrx_word' id='word_1_190' title='bbox 56 2721 83 2787; x_wconf 94' lang='grc' dir='ltr'><strong>Ο</strong></span> <span class='ocrx_word' id='word_1_191' title='bbox 109 2727 187 2806; x_wconf 89' lang='lat' dir='ltr'>quot</span> <span class='ocrx_word' id='word_1_192' title='bbox 209 2744 364 2806; x_wconf 89' lang='lat' dir='ltr'>precones</span> <span class='ocrx_word' id='word_1_193' title='bbox 387 2722 488 2788; x_wconf 83' lang='lat' dir='ltr'>habet</span> <span class='ocrx_word' id='word_1_194' title='bbox 511 2724 565 2788; x_wconf 91' lang='lat' dir='ltr'>ille</span> <span class='ocrx_word' id='word_1_195' title='bbox 590 2723 709 2803; x_wconf 87' lang='lat' dir='ltr'>malus,</span> <span class='ocrx_word' id='word_1_196' title='bbox 731 2723 827 2788; x_wconf 89' lang='lat' dir='ltr'>modo</span> <span class='ocrx_word' id='word_1_197' title='bbox 852 2744 989 2806; x_wconf 90' lang='lat' dir='ltr'>quorum</span> 
     </span>
     <span class='ocr_line' id='line_1_30' title="bbox 55 2809 1069 2896; baseline 0.007 -24"><span class='ocrx_word' id='word_1_198' title='bbox 55 2809 180 2875; x_wconf 92' lang='lat' dir='ltr'>Probra</span> <span class='ocrx_word' id='word_1_199' title='bbox 198 2816 230 2876; x_wconf 85' lang='lat' dir='ltr'>et</span> <span class='ocrx_word' id='word_1_200' title='bbox 249 2834 379 2876; x_wconf 88' lang='lat' dir='ltr'>acroma</span> <span class='ocrx_word' id='word_1_201' title='bbox 398 2811 547 2895; x_wconf 87' lang='lat' dir='ltr'>frequens</span> <span class='ocrx_word' id='word_1_202' title='bbox 566 2811 616 2876; x_wconf 86' lang='lat' dir='ltr'>fer</span> <span class='ocrx_word' id='word_1_203' title='bbox 634 2816 667 2877; x_wconf 93' lang='lat' dir='ltr'>et</span> <span class='ocrx_word' id='word_1_204' title='bbox 686 2833 720 2876; x_wconf 88' lang='lat' dir='ltr'>es</span> <span class='ocrx_word' id='word_1_205' title='bbox 740 2816 865 2896; x_wconf 86' lang='lat' dir='ltr'>martyr</span> <span class='ocrx_word' id='word_1_206' title='bbox 883 2812 954 2877; x_wconf 89' lang='lat' dir='ltr'>sine</span> <span class='ocrx_word' id='word_1_207' title='bbox 971 2813 1069 2880; x_wconf 88' lang='lat' dir='ltr'>ferro.</span> 
     </span>
     <span class='ocr_line' id='line_1_31' title="bbox 55 2895 973 2986; baseline 0.009 -27"><span class='ocrx_word' id='word_1_208' title='bbox 55 2895 187 2979; x_wconf 87' lang='lat' dir='ltr'>Pauper</span> <span class='ocrx_word' id='word_1_209' title='bbox 206 2901 257 2962; x_wconf 90' lang='lat' dir='ltr'>cui</span> <span class='ocrx_word' id='word_1_210' title='bbox 279 2900 369 2963; x_wconf 88' lang='lat' dir='ltr'>nulla</span> <span class='ocrx_word' id='word_1_211' title='bbox 393 2903 442 2963; x_wconf 84' lang='lat' dir='ltr'>est</span> <span class='ocrx_word' id='word_1_212' title='bbox 464 2902 643 2986; x_wconf 86' lang='lat' dir='ltr'>possessio,</span> <span class='ocrx_word' id='word_1_213' title='bbox 666 2923 767 2985; x_wconf 87' lang='lat' dir='ltr'>parva</span> <span class='ocrx_word' id='word_1_214' title='bbox 790 2901 973 2986; x_wconf 88' lang='lat' dir='ltr'>suppellex,</span> 
     </span>
     <span class='ocr_line' id='line_1_32' title="bbox 56 2984 995 3073; baseline 0.005 -24"><span class='ocrx_word' id='word_1_215' title='bbox 56 2984 250 3050; x_wconf 88' lang='lat' dir='ltr'>Imbrioibus</span> <span class='ocrx_word' id='word_1_216' title='bbox 273 2987 486 3073; x_wconf 82' lang='lat' dir='ltr'>trabibusque</span> <span class='ocrx_word' id='word_1_217' title='bbox 508 2989 660 3055; x_wconf 87' lang='lat' dir='ltr'>humeros</span> <span class='ocrx_word' id='word_1_218' title='bbox 685 2996 837 3056; x_wconf 86' lang='lat' dir='ltr'>oneratus</span> <span class='ocrx_word' id='word_1_219' title='bbox 861 2991 995 3073; x_wconf 77' lang='lat' dir='ltr'>stillis,</span> 
     </span>
    </p>
   </div>
   <div class='ocr_carea' id='block_1_3' title="bbox 55 3119 269 3127">
    <p class='ocr_par' dir='ltr' id='par_1_20' title="bbox 55 3119 269 3127">
     <span class='ocr_line' id='line_1_33' title="bbox 55 3119 269 3127; baseline 0.014 -3"><span class='ocrx_word' id='word_1_220' title='bbox 55 3119 269 3127; x_wconf 76' lang='lat'>....———</span> 
     </span>
    </p>
   </div>
   <div class='ocr_carea' id='block_1_4' title="bbox 55 3195 1068 3338">
    <p class='ocr_par' dir='ltr' id='par_1_21' title="bbox 55 3195 1068 3338">
     <span class='ocr_line' id='line_1_34' title="bbox 127 3195 1068 3271; baseline 0.011 -25"><span class='ocrx_word' id='word_1_221' title='bbox 127 3198 180 3247; x_wconf 75' lang='lat'>420</span> <span class='ocrx_word' id='word_1_222' title='bbox 199 3209 222 3247; x_wconf 91' lang='lat' dir='ltr'>c.</span> <span class='ocrx_word' id='word_1_223' title='bbox 242 3195 276 3248; x_wconf 83' lang='lat' dir='ltr'>ab</span> <span class='ocrx_word' id='word_1_224' title='bbox 295 3196 406 3252; x_wconf 68' lang='lat' dir='ltr'>calliaco</span> <span class='ocrx_word' id='word_1_225' title='bbox 495 3203 547 3254; x_wconf 76' lang='lat'>425</span> <span class='ocrx_word' id='word_1_226' title='bbox 562 3215 595 3254; x_wconf 82' lang='lat' dir='ltr'>c.</span> <span class='ocrx_word' id='word_1_227' title='bbox 614 3201 647 3254; x_wconf 81' lang='lat' dir='ltr'>iu</span> <span class='ocrx_word' id='word_1_228' title='bbox 664 3200 738 3255; x_wconf 75' lang='lat' dir='ltr'>tuda</span> <span class='ocrx_word' id='word_1_229' title='bbox 829 3202 883 3252; x_wconf 77' lang='lat'>428</span> <span class='ocrx_word' id='word_1_230' title='bbox 897 3200 1001 3270; x_wconf 76' lang='lat' dir='ltr'>prebet]</span> <span class='ocrx_word' id='word_1_231' title='bbox 1016 3217 1068 3271; x_wconf 77' lang='lat' dir='ltr'>pre</span> 
     </span>
     <span class='ocr_line' id='line_1_35' title="bbox 55 3264 605 3338; baseline 0.009 -20"><span class='ocrx_word' id='word_1_232' title='bbox 55 3281 190 3334; x_wconf 85' lang='lat' dir='ltr'>superscr.</span> <span class='ocrx_word' id='word_1_233' title='bbox 209 3264 238 3320; x_wconf 88' lang='lat' dir='ltr'><strong>M</strong></span> <span class='ocrx_word' id='word_1_234' title='bbox 318 3270 371 3322; x_wconf 75' lang='lat'>448</span> <span class='ocrx_word' id='word_1_235' title='bbox 391 3284 414 3324; x_wconf 89' lang='lat' dir='ltr'>c.</span> <span class='ocrx_word' id='word_1_236' title='bbox 428 3269 516 3338; x_wconf 80' lang='lat' dir='ltr'>palea</span> <span class='ocrx_word' id='word_1_237' title='bbox 536 3285 605 3325; x_wconf 90' lang='lat' dir='ltr'>corr.</span> 
     </span>
    </p>
   </div>
   <div class='ocr_carea' id='block_1_5' title="bbox 53 3455 1106 3609">
    <p class='ocr_par' dir='ltr' id='par_1_22' title="bbox 53 3455 1106 3609">
     <span class='ocr_line' id='line_1_36' title="bbox 127 3455 1106 3537; baseline -0.012 -22"><span class='ocrx_word' id='word_1_238' title='bbox 127 3458 497 3531; x_wconf 77' lang='lat' dir='ltr'>1)0f.1uvena1.vr‚acu</span> <span class='ocrx_word' id='word_1_239' title='bbox 586 3465 616 3537; x_wconf 56' lang='grc' dir='ltr'>*ἢ</span> <span class='ocrx_word' id='word_1_240' title='bbox 631 3463 921 3535; x_wconf 33' lang='grc' dir='ltr'>Ἆὶωριἳχωὶ,</span> <span class='ocrx_word' id='word_1_241' title='bbox 1005 3459 1044 3519; x_wconf 44' lang='lat' dir='ltr'>”sq</span> <span class='ocrx_word' id='word_1_242' title='bbox 1060 3455 1106 3502; x_wconf 53' lang='lat' dir='ltr'>cz</span> 
     </span>
     <span class='ocr_line' id='line_1_37' title="bbox 53 3529 669 3609; baseline 0.008 -27"><span class='ocrx_word' id='word_1_243' title='bbox 53 3529 134 3585; x_wconf 84' lang='lat' dir='ltr'>Prud,</span> <span class='ocrx_word' id='word_1_244' title='bbox 152 3531 234 3587; x_wconf 80' lang='lat' dir='ltr'>Ham,</span> <span class='ocrx_word' id='word_1_245' title='bbox 254 3537 315 3589; x_wconf 82' lang='lat'><strong><em>803.</em></strong></span> <span class='ocrx_word' id='word_1_246' title='bbox 392 3535 420 3608; x_wconf 83' lang='lat'>4)</span> <span class='ocrx_word' id='word_1_247' title='bbox 439 3536 530 3608; x_wconf 85' lang='lat' dir='ltr'>Apoc.</span> <span class='ocrx_word' id='word_1_248' title='bbox 552 3541 601 3609; x_wconf 72' lang='lat'>13,</span> <span class='ocrx_word' id='word_1_249' title='bbox 620 3543 669 3595; x_wconf 64' lang='lat' dir='ltr'>rs.</span> 
     </span>
    </p>
   </div>
   <div class='ocr_carea' id='block_1_6' title="bbox 0 0 1238 3826">
    <p class='ocr_par' dir='ltr' id='par_1_23' title="bbox 0 0 1238 3826">
     <span class='ocr_line' id='line_1_38' title="bbox 0 0 1238 3826; baseline 0 0"><span class='ocrx_word' id='word_1_250' title='bbox 0 0 1238 3826; x_wconf 95' lang='lat' dir='ltr'> </span> 
     </span>
    </p>
   </div>
  </div>
 </body>
</html>
