2468 3826
139 156 206 211 vffl
540 142 755 199 PRAEFATIO.

141 306 243 390 Atqui
275 305 448 390 Hugonem
478 303 622 370 Amarcii
654 327 784 370 carmen
816 307 950 371 minime
983 307 1156 394 diligenter

141 417 287 460 versasse
324 398 505 460 statuamus
543 396 684 477 oportet,
726 395 803 479 quia
840 395 969 460 dubitat
1006 398 1156 480 quisnam

141 484 240 549 fuerit
258 485 313 548 ille
331 483 503 548 Heinricus
522 482 701 549 ‘Romanae
720 484 899 570 sceptriger
919 483 1044 567 arcis’1)
1065 488 1155 551 cuius

141 578 239 658 poeta
257 572 370 638 fecerit
388 571 596 637 mentionem.
628 571 752 648 Quibus
771 576 932 659 repugnat
951 573 1037 658 quod
1054 573 1154 661 Hugo

141 662 331 727 Amarcium
358 659 488 726 Horatii
520 661 717 726 imitatorem
751 682 822 727 esse
856 660 947 746 dicit,
978 663 1042 727 nisi
1070 662 1157 728 forte

145 751 247 816 credis
267 749 347 815 haec
367 772 440 815 eurn
459 749 589 814 aliunde
608 750 835 834 desumpsisse.
868 749 936 816 Aut
955 753 1039 815 enim
1058 750 1156 837 Hugo

143 838 179 903 in
209 839 317 905 codice
345 861 403 904 suo
431 839 526 923 plura
554 838 592 904 de
621 838 773 904 Amarcio
803 839 924 923 scripta
951 841 1074 905 invenit
1102 846 1158 905 aut

143 928 229 1012 quod
265 928 452 993 Amarcium
481 928 515 992 in
552 927 689 992 Turiaca
724 928 892 1011 provincia
929 950 1021 994 secus
1055 928 1156 1013 Alpes

141 1022 253 1082 natum
279 1039 348 1083 esse
373 1016 524 1082 adfirmat
547 1017 611 1082 alio
636 1039 674 1080 ex
697 1016 788 1081 fonte
815 1015 934 1082 hausit.
985 1017 1158 1082 Praeterea

143 1103 241 1190 Hugo
269 1108 400 1188 poetam
426 1106 514 1169 inter
541 1105 622 1170 alios
646 1109 738 1170 vates
762 1111 995 1171 commemorat
1018 1106 1050 1170 in
1074 1106 1157 1172 libro

143 1195 193 1258 cui
215 1192 404 1258 inscribitur
426 1188 636 1277 ‚‚Renner“.2)

210 1281 357 1366 Denique
380 1302 485 1364 pauca
509 1281 547 1345 de
567 1281 718 1346 Amarcio
741 1280 914 1367 traduntur
938 1283 972 1346 in
996 1283 1158 1349 chronicis

143 1391 224 1454 quae
266 1368 469 1434 Theodorich
509 1368 703 1455 Engelhuus
746 1370 873 1434 saeculo
915 1369 984 1436 XV.
1026 1372 1158 1436 ineunte

144 1455 316 1544 scripsit.³)
354 1457 456 1534 Quem
475 1479 557 1543 quae
575 1457 673 1543 Hugo
698 1457 736 1523 de
761 1461 857 1542 poeta
881 1459 1047 1543 reliquerit
1071 1462 1158 1544 expi-

143 1548 227 1613 lasse
255 1547 417 1633 Hauptius
445 1547 527 1612 falso
556 1543 755 1632 opinatur4),
785 1546 871 1630 quod
898 1548 964 1612 ianr
992 1547 1160 1634 Biidinger

143 1634 271 1724 vidit⁵);
304 1637 388 1702 alter
416 1638 502 1701 enim
528 1636 563 1700 in
591 1635 736 1701 Amarcii
764 1636 927 1700 mentione
955 1658 1087 1720 prorsus
1117 1639 1158 1703 ab

25 1780 31 1793 ,
144 1726 245 1791 altero
288 1726 449 1790 abhorret.
508 1724 634 1810 Neque,
673 1725 758 1808 quod
794 1724 949 1790 monebat
984 1723 1159 1812 Biidinger‚

143 1812 311 1878 Vincentii
325 1813 568 1878 Bellovacensis
586 1814 752 1898 speculum
772 1811 940 1879 historiale
957 1815 1159 1899 investigans

145 1901 320 1987 quidquam
351 1901 389 1966 de
413 1903 566 1966 Amarcio
595 1901 752 1966 traditum
780 1902 902 1984 inveni,
929 1902 1014 1986 quod
1039 1901 1159 1986 Engel-

143 1991 260 2056 huusio
289 1992 420 2074 praesto
450 2012 520 2055 esse
548 1991 665 2073 potuit.
716 1990 824 2074 Atque
851 1991 900 2056 ita
922 1994 1045 2055 certum
1069 1991 1159 2075 quid-

144 2101 242 2165 quam
266 2079 304 2143 de
324 2078 542 2163 Engelhuusii
565 2078 655 2143 fonte
680 2078 804 2144 adferre
827 2100 961 2163 nequeo.
1007 2077 1158 2145 Ceterum

144 2169 215 2234 fieri
233 2172 343 2252 potest
360 2172 397 2232 ut
411 2166 654 2254 Engelhuusius
669 2190 751 2253 quae
771 2168 809 2232 de
824 2167 976 2233 Amarcio
995 2169 1096 2233 tradit
1119 2191 1158 2234 ex

145 2259 217 2341 ipso
246 2257 438 2322 Dresdensis
467 2256 584 2322 codicis
613 2256 692 2321 folio
720 2257 958 2341 tegumentario
987 2278 1073 2322 nunc
1105 2258 1159 2322 de-

43 2412 45 2419 ,
146 2347 274 2430 perdito
294 2346 519 2431 desumpserit,
535 2346 563 2410 si
582 2346 724 2411 codicem
743 2346 836 2411 illum
850 2344 1158 2430 Erphesfurtensem

146 2435 226 2500 olim
254 2435 354 2500 fuisse
380 2432 548 2519 Biidinger
574 2437 661 2499 recte
689 2435 872 2517 suspicatus
901 2432 996 2519 est⁶);
1028 2438 1159 2500 constat

147 2524 231 2587 enim
241 2521 502 2607 Engelhuusium
516 2522 637 2586 diutius
647 2521 855 2607 Erphesfurti
866 2526 1032 2587 versatum
1047 2521 1159 2607 esse.⁷)

19 2653 37 2678 a
145 2610 331 2675 Posteriora
349 2616 494 2695 tempore
509 2608 717 2675 Amarciuse
740 2610 860 2674 notitia
883 2611 1026 2676 virorum
1050 2611 1160 2678 docto-

144 2721 217 2763 rum
236 2699 333 2783 plane
352 2701 519 2764 evanuisse
532 2702 611 2783 puto
627 2698 702 2784 quia
716 2697 857 2783 Leysero
873 2700 942 2764 viro
956 2700 991 2764 in
1006 2701 1158 2784 operibus

147 2787 244 2851 medii
268 2787 339 2851 aevi
362 2791 531 2870 poetarum
555 2788 697 2873 adprime
721 2792 849 2852 versato
872 2791 1003 2872 ignotus
1027 2786 1131 2875 fuit.⁸)

219 2946 246 3012 1)
264 2942 374 2999 Amare.
394 2943 443 2998 lib.
463 2943 509 3013 ΠΙ,
530 2949 590 2998 141.
646 2946 673 3013 1)
692 2946 802 2999 Renner
820 2962 859 2998 vs.
876 2948 946 2999 9310
966 2943 1082 3000 Oracius
1102 2947 1159 3000 und

146 3014 283 3085 Virgilius
308 3015 312 3082 Ι
336 3013 483 3069 Amarcius
511 3013 570 3068 und
593 3013 717 3069 Ovidius.
826 3017 853 3083 3)
882 3014 1039 3086 Scriptores
1066 3033 1158 3071 rerum

146 3085 392 3141 Brnnsviceusium
405 3084 448 3140 ed.
464 3084 579 3139 Leibnia
589 3088 657 3141 tom.
667 3085 702 3154 11,
715 3090 782 3141 1092
796 3085 944 3141 Amarcius
958 3090 1044 3157 poeta
1058 3086 1159 3142 claruit

145 3157 176 3210 in
188 3156 307 3227 Tacape,
326 3157 375 3225 qui
388 3156 537 3227 pulchrum
551 3157 706 3212 doctrinale
725 3171 828 3211 novum
847 3156 967 3213 dictavit
1004 3174 1035 3212 ro
1054 3157 1157 3227 pueris,

146 3227 195 3296 qui
213 3229 299 3284 etiam
316 3228 463 3297 pulchrum
482 3226 674 3283 Graecismnm
693 3227 857 3298 composuit.
939 3232 968 3296 4)
1013 3229 1081 3295 aupt
1099 3226 1118 3280 1.
1138 3227 1156 3282 l.

145 3315 173 3367 p.
194 3303 253 3354 160.
362 3303 388 3366 1)
407 3299 534 3354 Aelteste
550 3298 706 3353 Denlrmale
724 3317 751 3368 p.
770 3305 796 3354 4.
904 3303 932 3369 1)
952 3297 1022 3353 Ibid.
1041 3315 1068 3366 p.
1089 3302 1157 3367 7sq.

148 3370 175 3437 7)
195 3370 229 3424 ci.
245 3370 276 3424 0.
291 3369 405 3438 Lorsna,
421 3369 629 3425 Deutschlands
643 3369 924 3439 Geschichtsquellen
937 3369 976 3424 im
990 3367 1158 3424 Mittelalter

145 3439 201 3494 1111
231 3440 281 3495 der
308 3440 391 3496 Mitis
423 3440 472 3496 des
499 3441 680 3496 dreizebnten
704 3439 908 3497 Jahrhunderts
933 3443 1001 3496 tom
1029 3439 1068 3508 11,
1097 3444 1157 3496 151.

147 3511 175 3578 ’1)
198 3510 278 3577 Quod
296 3525 330 3565 ex
349 3527 382 3567 eo
401 3511 497 3583 colligi
514 3514 622 3584 potest,
645 3512 721 3581 quod
738 3510 873 3582 Leyserns
891 3511 921 3567 in
941 3526 1025 3580 opere
1044 3526 1094 3566 suo
1113 3511 1159 3566 cui
