2468 3826
133 133 178 198 56
505 133 612 189 SEXTI
630 131 786 189 Anauon

134 297 291 380 Precipue
315 292 438 362 Christi
461 318 521 361 nos
545 295 657 360 edoces
680 318 751 362 esse
774 297 907 380 pudicos

134 385 241 452 Mater
262 385 371 470 virgo,
394 385 507 450 eadem
531 407 627 470 quam
651 386 850 470 presignavit
872 384 1016 474 Aaron¹)

135 475 241 559 Virga
264 474 456 558 sacerdotis,
479 496 541 558 que
564 474 686 540 torrida
709 474 828 539 cortice
852 472 970 562 sicco2)

136 563 181 628 nt
203 566 375 648 vegetante
398 584 510 628 carens
534 560 689 649 uligine⁸)
712 563 851 648 protulit
875 585 913 628 ex
938 585 985 648 se,

81 676 123 718 eso
136 651 201 717 Res
226 652 387 737 miranda,
410 673 516 717 nuces.
562 648 727 717 Christum
752 653 820 717 sine
845 652 966 717 semine
989 653 1085 740 virgo

138 739 191 806 Sic
211 741 332 826 genuit,
356 742 410 825 qui
428 740 592 805 hominem
612 744 709 824 alque
729 740 825 805 deum
844 762 937 807 cruce
957 743 1163 830 conciliavit,

136 828 184 895 Ut
207 831 330 894 corium
354 835 387 895 eb
409 829 560 894 nucleum
583 828 744 893 coadunat
767 850 908 896 concava
931 833 1026 897 lesia.

138 1214 209 1284 (111.)
227 1214 267 1269 De
281 1227 313 1269 eo
328 1214 401 1282 quod
420 1214 488 1269 deus
505 1215 624 1270 humiles
643 1215 746 1284 diligat
764 1217 794 1271 et
813 1217 948 1286 superbos
967 1219 1160 1289 contempnat.

138 1340 276 1406 Eminus
301 1341 368 1406 alla
390 1341 478 1406 videt
502 1342 726 1407 dominantum
750 1364 895 1409 summus
919 1344 1054 1431 usias⁴)‚

140 1430 233 1508 Quod
261 1453 398 1515 parvum
427 1435 523 1516 alque
550 1430 672 1495 humile
700 1436 750 1496 esi
777 1455 877 1517 prope
906 1435 1050 1519 respicii,
1084 1436 1162 1521 ipse

928 1545 965 1587 ro
990 1527 1064 1588 atus

85 1630 126 1672 aas
141 1607 310 1684 Quondam
334 1631 353 1674 a
376 1606 588 1694 discipulis⁵),
611 1608 671 1692 celi
696 1608 767 1693 quis
791 1610 895 1675 maior
917 1611 951 1674 in
967 1543 1049 1676 {ula

139 1697 251 1781 Essel,
274 1697 452 1782 respondit:
477 1719 546 1763 sese
571 1699 625 1783 qui
649 1702 756 1762 menie
780 1698 984 1782 quadrimum

139 1785 273 1870 Exibct,
296 1786 352 1850 ille
376 1787 495 1851 etenim
519 1808 585 1852 non
608 1786 703 1850 laude
726 1787 853 1852 levatus
876 1789 980 1874 inani,

139 1874 254 1939 Parsis
278 1874 426 1959 acolinis,
449 1875 478 1938 si
501 1875 627 1959 quando
651 1875 804 1940 irascitur
826 1898 905 1961 uno,

140 1962 286 2046 Ignoscit
308 1967 442 2046 puncb03
466 1963 512 2043 sic
527 1963 627 2069 parvi
651 1967 728 2028 sunt
749 1964 914 2050 imitandi,
967 1988 1035 2052 mu,

85 2073 128 2114 sao
141 2050 218 2116 Non
237 2052 322 2136 quod
342 2051 388 2115 eis
408 2032 583 2135 peliblfesl
602 2074 715 2137 cuppa,
739 2057 771 2116 el
790 2053 875 2137 quod
894 2023 1006 2138 glal‘ea
1025 2055 1074 2144 sal
1097 2061 1208 2162 esimt

142 2139 297 2224 Quodque
315 2141 421 2205 lutum
444 2141 579 2224 pinsuni
602 2143 809 2225 equitanique
828 2143 864 2206 in
881 2143 965 2207 fuste
985 2143 1161 2233 saligno.⁶)

141 2228 271 2294 Eximio
295 2233 345 2294 esi
367 2230 485 2315 virtus,
508 2230 699 2314 popularem
723 2252 873 2314 spernere
897 2231 1039 2316 laudem3

141 2317 228 2383 Hinc
251 2323 301 2383 esi
324 2318 408 2403 quod
432 2319 580 2384 dominus
604 2320 774 2384 mulcendo
797 2341 857 2384 nos
881 2324 991 2385 monei
1014 2341 1085 2386 esse

141 2406 254 2490 Miles,
277 2408 371 2473 corde
394 2408 548 2493 humiles,
570 2409 690 2472 noslris
714 2408 875 2493 spondens
900 2409 1070 2476 animabus

88 2515 129 2559 aas
143 2494 306 2562 Tristibus
330 2497 448 2562 amotis
472 2518 506 2561 se
530 2495 650 2581 gaudia
672 2497 739 2561 leba
763 2494 954 2582 daturum.⁷)

143 2584 237 2660 ouod
260 2586 288 2648 si
311 2585 432 2650 blanda
456 2585 507 2649 dei
529 2585 650 2650 noslris
675 2585 836 2650 secludere
859 2587 959 2652 verba

145 2672 287 2737 Auribus
311 2673 479 2739 audemus!
524 2673 594 2738 Iam
617 2695 683 2738 non
706 2674 874 2739 mulcendo
898 2676 1052 2740 minabur:

130 2760 262 2845 ¹Vergil
284 2765 316 2824 et
338 2762 405 2825 ima
427 2762 510 2845 pelii
534 2763 588 2847 qui
611 2784 645 2827 se
670 2767 817 2828 autumat
838 2785 908 2828 esse
928 2762 1159 2852 supremum.⁸)

144 2847 252 2914 Scissa
276 2849 328 2913 dei
349 2850 471 2932 populo
494 2851 578 2915 vada
601 2852 802 2917 submersere
826 2852 996 2938 superbos,

142 2974 357 2984 ...---

216 3045 267 3095 ³25
296 3057 319 3096 c.
343 3041 508 3111 odisccpuiis
623 3048 675 3098 327
700 3059 791 3113 paene
817 3045 895 3098 tolus
922 3059 1018 3098 versus
1045 3044 1074 3099 in
1102 3060 1159 3100 ras.

144 3117 196 3167 328
227 3111 341 3184 Parcis]
369 3115 434 3181 post
460 3130 474 3168 s
500 3128 598 3167 rasura
718 3114 840 3185 quando]
869 3132 891 3169 c.
920 3121 972 3184 qb'o
999 3114 1077 3185 prius
1104 3121 1161 3186 quo

144 3188 196 3238 333
216 3199 238 3238 o.
257 3185 408 3240 uruaceado
480 3189 532 3239 334
552 3200 574 3240 c.
594 3184 732 3240 auibabus
749 3184 825 3256 prius
845 3187 861 3240 b
880 3202 949 3240 eras.

217 3365 243 3432 1)
261 3364 353 3419 Levis.
375 3369 416 3433 17,
436 3368 460 3418 8.
543 3365 569 3432 2)
589 3363 671 3418 Prud.
691 3362 789 3432 Psych.
809 3367 870 3420 885.
955 3365 983 3432 3)
1002 3365 1036 3418 cf.
1057 3363 1160 3434 Georg.

143 3433 179 3503 11,
200 3440 259 3490 rar.
350 3436 378 3505 4)
396 3434 414 3490 i.
435 3450 456 3489 ο.
479 3427 561 3490 οὐσία
652 3434 956 3503 a)nateh.1a,1-a
1044 3437 1071 3504 s)
1091 3436 1159 3491 Hor.

145 3503 203 3560 sat.
223 3504 244 3577 Ι,
264 3509 290 3576 a,
309 3511 342 3560 aa
354 3522 394 3574 sq.
469 3509 494 3576 r)
513 3504 614 3562 Marta.
636 3511 678 3573 11,
697 3512 739 3560 ss.
813 3509 840 3574 a)
859 3504 960 3562 natm.
980 3511 1023 3574 aa,
1046 3511 1086 3562 12.
