2468 3826
511 116 698 204 mma

83 311 147 377 Sed
169 315 263 396 pater
288 311 505 394 omnipotens,
529 334 548 376 a
572 333 635 395 quo
659 314 864 395 processerat
885 312 969 396 ipse,

82 400 306 488 Magnificavit
330 421 407 469 eum,
425 421 591 485 regnoque
615 403 647 464 et
668 400 846 465 honoribus
870 399 987 484 amplis
1113 416 1154 457 2⁷5

83 488 136 554 Sic
159 493 196 555 ut
219 489 249 553 ei
271 489 398 573 populi,
422 511 501 573 quos
526 489 614 554 orbis
639 490 904 571 continebatque
985 485 1002 525 '·

83 575 165 642 Cum
188 577 338 642 tribubus
362 576 472 663 lingue
495 578 694 643 famulentur
718 578 822 661 sitque
845 579 993 660 potestas

54 727 56 731 .
80 666 162 731 Eius
185 667 221 730 in
245 672 392 731 eternum
415 671 591 752 regnetque
615 667 799 751 perenniter
821 661 932 750 ipse.¹)

220 1033 288 1103 (IV.)
313 1033 389 1094 Quod
407 1033 601 1115 ineluctabilis
621 1034 661 1089 sit
678 1033 823 1089 Iudcorum
842 1033 959 1088 duricia.

83 1139 144 1205 Sed
169 1142 245 1225 quid
268 1145 320 1207 tot
343 1143 476 1225 prodest
499 1143 647 1227 exempla
663 1142 842 1208 inducere?
888 1141 1017 1207 Dudum

81 1228 126 1294 Os
151 1229 379 1317 obpilassem²)
404 1231 442 1296 de
466 1232 572 1316 vobio,
595 1233 630 1296 ni
653 1237 784 1298 moveat
807 1253 870 1315 me,
1112 1249 1153 1289 280

81 1317 173 1393 Quod
196 1320 287 1384 lusor
311 1320 409 1385 dubio
432 1322 573 1404 prodens
598 1321 755 1386 absistere
778 1320 872 1405 pirgo

79 1406 156 1471 Non
178 1409 248 1472 vult
270 1431 329 1474 nec
354 1408 495 1493 dubitat,
519 1411 593 1475 dum
618 1410 736 1492 perdit,
758 1408 891 1492 perdere
915 1408 1062 1472 multum.

79 1495 133 1560 Sic
155 1518 214 1561 nec
238 1519 289 1561 me
313 1499 460 1581 quamvis
484 1520 544 1583 que
569 1499 662 1563 vobis
686 1498 834 1581 scriptito
857 1497 990 1580 perdam

80 1582 218 1648 Perdere
241 1586 335 1668 plura
358 1588 462 1672 piget3
488 1587 543 1651 sed
567 1609 618 1651 me
642 1586 707 1650 nisi
730 1586 839 1670 opinio
863 1584 972 1668 fallat,

79 1671 184 1737 Veros
209 1673 250 1737 ob
274 1673 417 1739 monitus
440 1679 624 1740 vestrarum
648 1675 683 1738 in
707 1675 781 1738 sede
805 1674 973 1738 domorum
1110 1690 1150 1731 285

79 1759 149 1824 Nec
173 1761 303 1826 rubrica
327 1784 433 1827 meum
457 1785 575 1827 nornen
597 1784 656 1828 nec
679 1766 766 1828 creta
788 1762 928 1846 figuram

80 1849 266 1933 Exprimet,
288 1851 389 1918 immo
412 1852 506 1938 niger
529 1853 659 1937 nigrum
683 1873 733 1916 me
758 1851 857 1916 carbo
880 1847 1050 1938 notabit.³)
1172 1873 1174 1877 ·

76 1937 158 2003 Fors
179 1943 211 2003 et
233 1941 317 2004 risus
343 1963 397 2005 ero
420 1941 514 2006 vobis
539 1945 572 2006 et
594 1941 720 2026 fabula,
744 1936 895 2024 quippe⁴)

78 2026 167 2092 Utile
192 2029 394 2113 suadentem,
419 2031 473 2115 qui
497 2052 563 2095 non
588 2031 686 2114 sapit,
710 2029 826 2095 efferus
851 2029 932 2111 odit,

77 2115 341 2202 Assentatoresb)
367 2123 401 2182 ut
424 2141 518 2184 veros
543 2119 662 2183 stultus
688 2119 808 2183 amicos
1110 2133 1150 2174 29⁰

77 2204 211 2289 Diligit,
233 2206 295 2270 hoc
319 2207 443 2271 animas
466 2207 586 2272 vicium
610 2207 707 2292 ligat,
730 2206 793 2270 hoc
816 2205 928 2289 procul
952 2203 1039 2268 absit

77 2291 259 2357 Doctorum
283 2317 301 2358 a
324 2294 436 2378 lingua
459 2296 514 2379 qui
536 2298 674 2378 presunt
697 2294 845 2376 ecclesie,
869 2314 945 2356 nam

78 2379 139 2456 Qui
163 2380 251 2446 favet
275 2385 386 2465 aptato
410 2383 490 2466 pede
513 2385 654 2448 nonest
677 2382 828 2447 mundior
850 2381 908 2444 illo
980 2430 983 2437 .

77 2468 139 2544 Qui
163 2492 235 2535 crus
261 2469 403 2536 denudat
426 2470 570 2537 detracto
593 2475 741 2556 tergoter
763 2471 871 2554 sicque

76 2557 152 2623 Non
174 2560 281 2624 minus
306 2565 357 2625 est
379 2561 485 2645 turpis
509 2560 563 2646 qui
585 2559 749 2644 consentit
772 2559 906 2636 facienti
1109 2578 1147 2619 295

76 2647 209 2732 Turpia,
233 2671 331 2733 quam
354 2649 486 2715 faciens.
534 2649 690 2726 Quocirca
714 2647 885 2712 dummodo
909 2669 986 2712 vera

77 2733 219 2802 Suadeat
242 2741 275 2801 et
299 2739 429 2820 doceat,
454 2739 546 2803 stulti
568 2761 633 2802 nou
658 2741 762 2802 cesset
785 2737 825 2801 ob
849 2736 932 2800 iram

74 2823 224 2908 Doctior,
246 2825 308 2890 hoc
332 2827 481 2891 dominus
506 2827 590 2905 vult,
612 2826 674 2890 hoc
698 2847 732 2890 se
755 2827 837 2891 velle
860 2825 1004 2909 notavit,

76 2909 212 2985 Quando
237 2914 284 2977 ait
306 2913 469 2979 Ezechiel:
491 2914 720 2998 „Pecccantem
744 2915 882 2999 corripe,
906 2935 969 2999 quo
993 2918 1026 2978 te

145 3127 196 3176 279
221 3138 242 3177 c.
264 3121 356 3191 prode
473 3130 524 3180 292
549 3142 572 3178 c.
598 3126 713 3192 alinpaa
821 3129 873 3178 294
898 3140 920 3179 c.
945 3124 978 3178 de
1000 3123 1090 3179 cadat

73 3198 125 3248 298
144 3193 264 3264 notavit]
282 3196 322 3248 cit
341 3196 367 3264 (c
386 3195 463 3265 prius
483 3198 510 3266 b)
530 3196 634 3251 adiecit
652 3196 682 3249 M

145 3373 171 3438 1)
190 3371 260 3426 Dan.
281 3377 306 3440 c,
328 3377 367 3427 13.
389 3377 429 3427 14.
502 3372 765 3442 2)Psa1.1oc‚4a
843 3371 1089 3442 a)H0r.Sac.11‚
1181 3378 1189 3394 ·

72 3447 97 3511 3,
117 3447 169 3496 246
189 3443 218 3497 et
237 3443 323 3497 schol.
344 3444 443 3498 Acron.
472 3442 545 3499 Pers.
566 3443 623 3500 Sat.
643 3445 677 3514 V,
696 3450 738 3499 90.
760 3448 818 3498 108.
904 3447 932 3511 4)
950 3443 1016 3499 Hor.
1036 3443 1088 3514 Ep.

71 3513 92 3581 I,
113 3518 154 3582 13,
174 3519 199 3568 9.
273 3516 300 3582 ὅ)
319 3513 386 3568 Hor.
406 3515 456 3584 Ep.
476 3515 511 3585 ll,
531 3521 555 3582 8,
575 3521 635 3570 420.
897 3531 903 3538 “
1076 3530 1078 3536 “
