2468 3826
517 174 626 230 LIBER
643 175 678 230 ΙΙ.

93 339 244 405 Stercore
267 342 430 404 verrentes
453 339 622 403 halantem
646 360 761 403 auxere
785 335 968 424 mefitim1):

95 427 148 492 Sic
170 427 274 512 patris
297 422 462 494 Achitofel
486 429 618 511 natique
642 426 772 491 diremit
795 423 980 513 amorem.²)

92 516 240 600 Possem,
263 518 296 581 ni
319 517 431 602 pigeat
453 517 660 601 gravitasque
684 515 868 580 inamabilis
893 516 954 580 act'
1122 533 1166 573 560

92 605 270 690 Elinguem
291 606 405 690 faciat,
428 605 597 671 bachantis
620 605 728 690 iurgia
751 605 856 669 multa

92 694 284 759 Eumenidis
307 716 500 777 memorare,
524 695 611 760 leves
636 695 753 778 quibus
777 693 894 758 incitat
916 713 1018 757 aures.

94 782 156 848 Sed
179 784 314 848 reticere
338 784 428 850 dccet
450 805 516 848 non
539 790 624 848 certe
648 783 791 867 cognita,
814 803 892 846 nam
914 802 974 846 neo

92 872 229 937 Pectora
251 876 331 937 nota
353 873 522 937 hominum
547 875 622 936 sunt
644 893 705 936 nee
727 870 898 955 precordia
921 870 1025 935 nobis.

93 959 150 1025 Nil
172 961 339 1045 ignoranti
361 961 547 1045 linquamus
571 964 684 1043 operta
707 959 849 1043 tonanti,
1124 975 1167 1016 555

91 1049 139 1113 Et
161 1053 281 1114 temere
304 1051 429 1114 incerta
452 1049 491 1112 de
514 1070 548 1113 re
571 1070 637 1113 non
660 1049 781 1113 iudicet
803 1048 899 1113 ullus.

94 1137 203 1202 Pauca
228 1141 262 1202 ut
285 1138 383 1203 homo
408 1137 553 1218 memini,
576 1159 653 1202 nam
677 1138 740 1202 soli
763 1137 906 1221 plurima
928 1158 1025 1201 nosse

95 1224 257 1292 Convenit
279 1227 419 1310 excelso,
443 1227 547 1291 cordis
571 1227 754 1310 penetralia
778 1226 866 1291 solus

94 1311 287 1399 Perspicit3)
311 1318 344 1380 et
366 1316 467 1380 rimas
491 1320 524 1380 et
546 1337 611 1380 non
636 1318 710 1399 eget
732 1315 837 1380 indice
861 1336 1038 1399 quoquam,

94 1403 278 1490 Sacrilegus
302 1426 412 1470 coram
436 1426 500 1489 quo
523 1426 590 1469 non
612 1407 709 1489 quaet
730 1404 867 1469 inficiari
1125 1420 1168 1460 575

96 1490 254 1575 Crimina,
277 1515 339 1576 que
362 1494 487 1558 medico
511 1493 623 1558 vivens
646 1493 769 1557 nudare
792 1491 880 1557 fideli

95 1580 249 1663 Erubuit,
271 1581 453 1665 linquitque
478 1602 570 1645 suam
593 1584 776 1664 putrescere
799 1581 940 1664 plagam.

95 1670 150 1733 lra
173 1669 257 1734 citus
281 1668 371 1733 furor
395 1666 491 1754 est⁴)‚
514 1690 578 1753 qua
601 1669 679 1733 dum
702 1668 773 1753 quis
796 1669 924 1732 frendet
947 1671 984 1732 ut
1006 1667 1075 1731 ovis

95 1756 218 1822 Lexiva
241 1756 393 1821 admixtis
417 1760 549 1840 spumat
570 1756 773 1843 revomitque
796 1757 929 1841 salivas,

96 1845 208 1912 Alcior
231 1846 375 1930 assurgit
398 1846 542 1911 mordaci
565 1849 697 1931 gutture
720 1849 858 1930 sauma,
1125 1862 1168 1902 575

95 1935 185 2000 Tunc
208 1934 312 2000 iratus
335 1935 406 2020 agit
429 1935 538 2001 subito
561 1935 751 2018 limphando
774 1935 883 2000 furore

97 2022 189 2099 Quod
212 2023 328 2088 fecisse
351 2024 465 2108 pudet,
489 2024 575 2110 quod
598 2026 722 2109 penitet
744 2024 819 2090 ilico
842 2023 965 2088 factum

96 2111 246 2195 Frustra,
268 2135 346 2176 nam
369 2112 494 2178 factum
516 2113 637 2198 nequid
659 2113 815 2179 infectum
838 2112 922 2192 fieri3
947 2111 1003 2176 sed

97 2199 149 2265 Sic
174 2199 299 2265 confert
321 2202 474 2284 quoniam
498 2202 593 2268 venia
617 2201 810 2284 conpunctio
835 2200 940 2265 cordis

97 2287 175 2353 Non
199 2293 287 2352 caret
309 2308 387 2372 erga
409 2289 558 2355 homines
581 2293 677 2371 atque
701 2309 818 2373 equum
844 2288 1080 2371 celipotentem.
1126 2304 1171 2344 eso

97 2376 220 2442 Taliter
241 2373 414 2461 Ysiades⁵)
437 2378 538 2442 letum
563 2376 683 2443 delevit
705 2373 825 2462 Urie.⁶)

95 2465 279 2549 Desperare
302 2469 410 2530 nocet:
432 2465 516 2530 vidit
538 2465 683 2532 Samaria
705 2467 775 2551 regi

96 2554 261 2622 Dilectum
283 2554 367 2620 calvi
389 2558 579 2620 renuentem
603 2555 689 2630 dicta
711 2553 869 2640 prophete

98 2643 268 2710 Calcatum
291 2644 327 2708 in
349 2644 453 2727 portis
476 2644 659 2709 miseranda
681 2647 786 2708 morte
809 2638 955 2728 perire.⁷)

98 2731 219 2798 Nullus
243 2733 405 2816 desperet:
429 2755 501 2798 cum
524 2733 624 2798 verba
648 2731 796 2797 salutifer
819 2753 874 2796 ore
1126 2747 1169 2788 555

97 2818 226 2885 Dixerit
248 2822 313 2886 ista
336 2821 428 2904 deus,
451 2843 516 2886 non
541 2842 639 2905 quero
664 2820 852 2904 desipientis

171 3051 222 3101 558
246 3047 403 3101 annatim
515 3052 567 3103 563
591 3047 656 3119 Sed]
680 3064 703 3102 c.
725 3047 833 3103 Ocorr.
852 3045 882 3099 M
989 3063 1012 3101 c.
1036 3047 1114 3103 cert&

98 3123 151 3172 574
175 3133 198 3170 c,
217 3119 255 3171 od
272 3119 367 3172 mixtis
457 3124 507 3174 577
527 3121 615 3189 pudet
632 3119 662 3174 in
681 3135 734 3174 ras.
826 3123 877 3172 583
897 3134 919 3171 o.
939 3124 1114 3173 rennuentem

98 3188 220 3259 primum
238 3205 259 3242 n
277 3204 347 3242 eras.
396 3193 471 3244 ,586
491 3207 527 3245 an
546 3195 660 3260 queror?

171 3407 197 3471 1)
219 3402 294 3457 Pers.
319 3399 370 3464 111,
390 3405 432 3454 99.
457 3401 525 3458 Aen.
544 3401 609 3469 VII,
629 3408 670 3458 84.
780 3403 808 3460 2)
833 3407 849 3455 2
873 3400 1056 3470 Reg.1s‚1r

99 3474 126 3542 3)
144 3473 254 3530 Iurene.
274 3473 340 3528 hist.
360 3486 400 3526 ev.
420 3471 467 3539 IV,
488 3481 512 3528 7.
585 3478 612 3543 4)
632 3474 697 3530 Hor.
717 3472 768 3542 Ep.
788 3473 813 3536 1‚·
829 3478 854 3538 2,
874 3477 916 3527 62.
990 3475 1018 3541 5)
1036 3468 1052 3525 Ῑ

99 3549 126 3610 4,
144 3550 187 3599 ar.
262 3547 288 3614 e)
307 3550 323 3598 2
343 3544 412 3613 aeg.
433 3549 474 3613 11,
495 3549 537 3599 17.
561 3549 603 3614 12,
624 3549 665 3599 1a
739 3546 766 3613 7)
784 3549 804 3597 4
822 3543 893 3612 neg.
909 3548 1057 3607 uam.
