2468 3826
156 160 199 223 14
525 159 629 214 SEXTI
647 161 803 217 AMARCII

153 321 249 387 Nunc
272 322 310 387 de
334 323 509 387 missilibus
534 323 670 388 diversis
695 323 802 406 accipe
826 323 930 388 luxus.

100 429 140 468 ³60
155 411 258 475 Huius
283 411 474 476 flammifera
497 412 625 476 lumbos
648 411 891 477 transverberat
913 412 1010 479 hasta

153 499 310 564 Blandius
334 499 469 565 effusum
492 500 664 565 detentans
689 502 819 567 vulnere
843 521 928 583 ceco.

153 586 298 671 Palpitat
319 588 375 653 ille
399 589 516 654 cadens
540 590 692 674 coituque
716 593 860 654 avertere
882 588 1039 677 pesteml)

154 674 287 761 Cogitat
309 677 492 761 inmissam,
515 677 695 762 vulnusque
718 678 766 743 ita
788 682 880 743 curat
902 683 939 743 ut
962 680 1017 744 ille

153 764 216 841 Qui
239 766 329 849 lippo
353 767 480 848 suadet,
504 767 612 831 varias
636 771 782 850 spectare
805 769 942 852 figuras,

100 872 139 912 366
153 853 222 919 Aut
246 855 301 938 qui
324 855 479 919 fomentis
503 854 605 919 credit
626 877 740 938 parere
763 855 956 939 podagram,

152 941 324 1027 Aureaque
346 943 510 1008 incassum
535 943 690 1008 distendit
712 944 817 1008 frusta
840 944 1010 1030 chirurgia.

153 1031 216 1095 Ast
239 1032 339 1096 alium
363 1054 437 1117 ceso
461 1033 500 1097 de
525 1033 606 1097 silva
630 1033 718 1098 mille
742 1054 894 1117 saporum

152 1121 289 1204 Appetit
311 1119 424 1184 hastili
447 1121 632 1205 viribusque
655 1122 775 1204 premit
799 1121 999 1205 duplicisque

152 1206 191 1271 In
213 1208 367 1272 miserum
389 1208 469 1272 iuris
492 1209 694 1274 truculentos
719 1209 843 1292 depluit
865 1207 1027 1296 imbres.²)

99 1316 138 1356 aro
152 1294 212 1360 Ille
235 1296 351 1360 labans
374 1317 433 1360 nec
456 1296 544 1361 iners
567 1297 672 1361 iaculo
696 1295 853 1361 stridente
875 1309 1072 1382 repugnans:

150 1381 207 1467 „si
230 1384 311 1448 mihi
334 1384 500 1471 perdicum
523 1385 635 1450 nidore
659 1385 787 1450 adolere
811 1385 943 1466 supinas

152 1469 333 1559 Contingat
353 1470 483 1560 nares³)
506 1495 564 1538 neo
588 1495 655 1538 non
677 1475 788 1559 pipere
812 1478 908 1558 atque
930 1474 1087 1564 piretro4)
1118 1485 1121 1489 ’

149 1560 283 1627 Imitare
307 1563 417 1649 gulam
442 1566 599 1649 gratoque
622 1563 741 1628 rubore
763 1562 893 1628 Falerni

150 1649 303 1716 Proluere
327 1656 360 1716 et
383 1651 588 1726 stomachum
611 1652 766 1717 monstris
790 1650 952 1738 placarel)
976 1654 1124 1737 marinis,

96 1759 136 1800 ars
152 1739 220 1814 Que
242 1740 348 1804 fluviis
373 1741 465 1804 aiunt
487 1743 600 1824 ignota
622 1741 802 1806 minoribus
825 1744 863 1806 ut
886 1744 962 1805 sunt

149 1826 270 1909 Renus,
284 1825 378 1909 Arar,
393 1827 557 1909 Rodanus‚
573 1828 703 1909 Tanais,
717 1828 833 1907 Padus,
852 1827 974 1910 Hister,
993 1828 1117 1894 Araxes
1125 1828 1165 1916 6):

149 1913 221 1978 Hoc
245 1915 406 1997 equidem,
428 1936 514 1998 reor,
537 1915 598 1980 hoo
621 1915 821 1980 medicamen
843 1914 977 1979 reddere
1001 1938 1115 1981 sanum

149 2001 203 2067 Me
226 2006 338 2087 queat3
361 2003 386 2086 i,
408 2024 488 2087 puer
511 2007 544 2067 et
566 2004 719 2087 propolas
742 2002 975 2087 perspaciare.“

98 2080 249 2242 [Venit
272 2091 328 2155 ubi
351 2093 463 2155 vinum
487 2094 661 2175 moratum,
685 2091 799 2174 sicera,
823 2090 916 2156 medo

96 2178 362 2245 coConsummat
385 2177 534 2245 Cererem
558 2181 625 2245 sive
648 2181 756 2245 Dacus
781 2178 929 2264 Sauoque
953 2185 1047 2266 potu:

149 2267 216 2351 „Ac
239 2270 344 2334 bonus
368 2272 402 2333 et
422 2270 531 2335 tenuis
555 2292 627 2335 mea
650 2274 800 2354 pernatet
823 2274 898 2335 exta
920 2269 1030 2337 Licus!

148 2358 199 2421 Tu
221 2357 293 2422 fora
315 2379 507 2442 percurrens
531 2359 668 2423 obsonia
691 2381 766 2424 cara
789 2358 920 2424 macelli

147 2443 358 2533 Huc‘eme7),
381 2446 430 2510 fer
452 2468 554 2530 panes
577 2451 610 2511 et
634 2447 743 2512 edules
768 2448 849 2512 adde
872 2449 1049 2532 placentas.

147 2534 282 2613 Vinotis,
300 2535 414 2599 deinde
438 2535 541 2599 levem
565 2536 672 2618 scopis
696 2536 845 2600 abradito
869 2535 996 2618 limum3

94 2639 134 2679 aas
148 2621 195 2686 Ut
218 2644 291 2686 oum
312 2624 459 2689 narcisso
483 2623 614 2708 dempto
639 2623 729 2688 obice
753 2624 824 2687 lilia
846 2626 995 2706 vernent,

146 2709 215 2775 Iam
239 2711 402 2794 picturato
426 2713 597 2796 proscenia
619 2715 771 2798 pegmate
795 2712 868 2776 vela

147 2798 325 2882 Fulcraque
349 2803 522 2882 gemmatis
546 2802 660 2866 scrobe
683 2823 758 2866 rasa
780 2800 963 2865 thoralibus
988 2798 1108 2888 orna.⁸)

147 2887 265 2952 Nescio
290 2909 331 2951 an
354 2888 492 2952 esuriem
516 2890 567 2954 vel
590 2912 670 2974 non,
692 2890 840 2955 tabulam
863 2893 975 2954 tamen
999 2887 1090 2975 abta3

218 3085 268 3135 361
289 3096 311 3135 o.
326 3080 360 3134 de
377 3083 486 3132 teutona
536 3085 588 3135 365
608 3097 631 3135 c.
646 3081 757 3150 portare
806 3087 857 3136 366
877 3097 900 3135 c.
919 3081 1029 3148 frustra
1042 3081 1162 3135 alterum

145 3168 247 3206 reras.
320 3155 372 3205 383
393 3165 415 3203 c.
433 3151 570 3218 placentes

218 3314 244 3378 1)
264 3312 332 3365 Aen.
351 3309 399 3378 nl,
419 3315 479 3364 620.
552 3312 581 3379 2)
601 3308 635 3364 cf.
655 3308 762 3365 Colum.
782 3310 816 3379 X,
835 3316 895 3367 206.
969 3311 996 3378 3)
1015 3308 1081 3363 Hor.
1102 3308 1160 3364 Sat.

146 3381 179 3447 ll,
200 3387 223 3446 7,
241 3387 283 3435 38.
363 3385 391 3451 4)
412 3382 462 3438 Ov.
482 3382 573 3435 Amat.
593 3380 627 3448 ΙΙ,
647 3386 750 3437 4176.
828 3386 855 3452 5)
874 3382 941 3436 Hor.
961 3380 1017 3434 Sat.
1037 3379 1070 3449 Π,
1091 3385 1115 3447 8,
1134 3386 1159 3436 6.

146 3453 173 3521 6)
191 3452 304 3507 Fortun.
324 3451 391 3506 Vita
409 3453 491 3506 Mart.
510 3452 544 3521 ΙΙ,
565 3458 606 3507 78.
685 3454 712 3521 7)
759 3469 798 3507 or.
819 3453 876 3508 Sat.
895 3452 916 3520 Ι,
935 3457 961 3520 2,
980 3457 1004 3505 9.
1078 3452 1106 3520 8)
1125 3452 1161 3505 ad

146 3527 286 3577 384-687
306 3522 341 3578 cf.
360 3524 426 3579 Hor.
447 3523 503 3578 Sat
522 3523 556 3592 II,
576 3530 600 3590 4,
621 3528 735 3581 80-84.
