2468 3826
499 156 608 211 LIBER
627 157 674 213 Ill.

83 319 259 404 Suppliciis
283 320 413 405 vestris,
437 320 532 385 modo
557 320 599 384 sit
622 319 815 404 conpunctio
838 342 929 406 vera3

84 407 147 484 Qui
169 409 242 493 pius
267 409 398 473 armilla
421 410 541 473 malam
564 408 705 491 perfodit
727 409 870 474 hiulcam

81 497 262 562 Leviathan
271 495 296 583 1)
319 500 356 561 ut
378 499 433 582 qui
457 520 491 562 se
514 496 661 562 faucibus
685 497 772 562 illius
796 497 926 584 indunt,
1108 515 1150 556 515

82 585 249 651 Peccando
273 587 384 672 culpas
409 586 553 651 deflendo
578 586 712 651 evadere
735 590 883 669 possunt.

82 673 172 760 Ergo
196 675 377 740 relaxemus
401 676 525 740 cunctis
548 675 759 760 peccantibus
782 676 815 739 in
839 697 913 761 nos,

82 761 117 827 si
141 765 290 829 volumus
313 764 407 829 nobis
431 764 509 829 deus
534 768 570 829 ut
592 766 725 849 peccata
747 764 909 849 remittat,

82 851 172 917 Tunc
196 853 263 917 eius
287 857 368 917 nutu
391 857 503 918 nostro
527 853 609 917 bene
632 853 740 938 pactio
765 851 911 936 quadrat.

82 938 135 1005 Sic
158 941 235 1005 fecit
257 963 314 1005 rex
338 941 391 1024 qui
416 941 454 1004 de
477 941 682 1007 inimicorum
706 962 783 1005 nece
807 942 908 1026 flevit,
1109 959 1150 999 555

82 1028 261 1094 Ardentem
286 1029 364 1094 deus
387 1029 473 1094 hunc
496 1029 612 1094 fratres
637 1030 823 1113 sociumque
846 1031 1010 1114 popellum

80 1116 284 1183 Multimodis
309 1119 449 1202 compsit
471 1119 656 1184 virtutibus.
702 1118 777 1202 Ipse
801 1119 891 1183 etin
914 1121 982 1185 alta

81 1205 260 1271 Unanimes
283 1207 432 1271 habitare
456 1207 552 1272 domo
576 1207 640 1272 dat.
686 1207 812 1292 Regula
835 1209 954 1274 amoris

80 1295 194 1381 Exigit
217 1297 291 1361 hoo:
316 1296 436 1360 aliine
459 1295 559 1379 faxis,
582 1296 667 1380 quod
690 1297 752 1360 tibi
775 1318 842 1362 non
866 1298 928 1383 vis,

80 1383 236 1470 Quodque
259 1385 350 1469 cupis
374 1385 516 1471 tibimet,
539 1385 633 1450 fratri
656 1385 884 1451 nichilominus
909 1391 1012 1470 optes.
1106 1401 1147 1444 ⁵25

79 1473 166 1538 Novi
189 1474 265 1558 quid
287 1473 423 1538 referas:
447 1473 617 1557 „Mihimet
640 1496 712 1538 sum
730 1473 953 1561 proximus“²)
977 1476 1093 1560 inquis.

77 1560 173 1645 „Non
196 1562 287 1626 decet
310 1561 413 1644 Esopi
436 1562 594 1646 figmenta
617 1563 742 1626 solesve
765 1561 899 1627 Terenti

83 1647 259 1733 Scripturis
283 1650 418 1715 miscere
442 1651 551 1715 sacris.
597 1650 660 1727 Qui
682 1653 768 1714 recte
792 1655 893 1736 amat,
915 1653 966 1717 illi

79 1736 219 1803 Vilescit
241 1738 342 1822 topici
366 1739 529 1804 cumulata
551 1739 690 1822 pecunia
712 1740 817 1824 regni,

80 1826 137 1892 Nil
161 1830 250 1892 amat
272 1828 307 1891 in
329 1830 418 1891 terra
440 1828 504 1893 nisi
528 1849 655 1911 semper
677 1828 768 1893 adire
792 1829 959 1909 sacellum,
1107 1847 1148 1888 555

79 1915 167 2001 Apte
189 1916 362 2001 phosforee
387 1917 473 2000 quod
497 1917 661 1982 adinstar
684 1917 811 1982 ducitur
832 1919 933 1984 urbis.

78 2004 143 2069 Illa
167 2007 255 2070 velut
277 2005 403 2091 glaucis
427 2005 559 2072 inimico
582 2007 650 2071 5515
674 2010 834 2092 coruscat,

79 2092 156 2158 Non
178 2094 334 2159 mutando
359 2094 443 2159 diem
468 2096 523 2159 sed
547 2096 756 2160 continuante
778 2117 989 2179 perennem„

81 2180 134 2246 Sic
156 2182 216 2248 hec
239 2183 401 2248 continuis
425 2184 570 2267 aperitur
593 2184 717 2248 mansio
741 2184 847 2268 1151115,

78 2269 187 2355 thue
211 2273 335 2336 animas
360 2273 482 2356 gremio
507 2272 573 2336 leni
595 2268 716 2354 fovetl)
741 2272 801 2336 illa
824 2273 964 2356 piorum,
1107 2288 1147 2330 555

80 2357 133 2423 Sic
156 2359 216 2424 hec
239 2381 314 2424 ossa
336 2362 425 2424 151151
448 2360 569 2444 populo
594 2359 775 2424 veneranda
798 2359 932 2424 labanti.

80 2446 223 2512 Sumitur
246 2448 300 2513 hic
324 2469 438 2532 corpus
463 2449 573 2513 celesti
597 2449 631 2512 in
655 2449 729 2513 sede
753 2449 913 2533 tonantis,

79 2535 187 2623 thue
210 2536 258 2602 ibi
281 2537 418 2602 diversis
442 2542 551 2602 astant
574 2538 730 2602 animalia
752 2537 879 2620 formis,

79 2625 226 2702 Quatuor
249 2630 396 2710 eternum
420 2627 589 2691 laudantia
612 2627 753 2692 carmine
777 2647 900 2712 regem,

79 2713 132 2780 Sic
154 2716 188 2779 in
212 2717 348 2781 sacratis
372 2716 551 2800 pinguntur
575 2716 696 2781 murice
719 2715 829 2782 muris.
1105 2734 1147 2775 515

78 2800 140 2867 Sed
164 2805 317 2888 quoniam
340 2809 451 2869 nostro
477 2805 678 2869 subscribere
701 2826 804 2887 pauca
827 2805 938 2871 libello

78 2890 127 2955 Dc
147 2892 261 2957 formis
280 2893 399 2958 horum
417 2894 679 2979 prorumpamus,
700 2893 759 2960 hec
779 2916 906 2979 quoque
930 2894 971 2960 ad
994 2895 1091 2960 huius

148 3126 200 3176 517
220 3137 243 3176 c.
263 3121 614 3178 55155551551515551555
681 3127 733 3178 520
752 3141 775 3179 c.
791 3123 825 3178 st
891 3127 943 3177 522
963 3121 1034 3192 ulta]
1055 3138 1091 3175 an

77 3197 158 3247 urta?
214 3197 264 3247 531
280 3194 458 3269 phosphorep]
473 3195 514 3262 pb
532 3193 561 3248 in
579 3210 631 3248 ras.
650 3211 702 3263 pro
720 3196 756 3263 st
772 3197 804 3249 ut
818 3194 930 3248 videtur
984 3198 1035 3248 533
1055 3209 1091 3246 an

76 3265 281 3320 continuando?
354 3270 406 3319 540
425 3281 448 3319 5.
467 3266 571 3321 sanati

76 3393 289 3403 -———-—-

69 3459 304 3584 17118115540,
325 3465 366 3516 21.
451 3465 478 3533 2)
498 3460 615 3519 Terent.
636 3459 850 3528 111111Χ51Λἱ
863 3460 917 3507 151,
1001 3450 1042 3508 sm
1059 3447 1139 3492 5555.

86 3571 96 3598 ,
169 3573 174 3584 .
