2468 3826
510 192 619 248 LIBER
638 194 670 247 11.

83 356 144 432 Qui
169 356 197 420 si
220 355 353 421 desueto
377 357 558 442 gustaverit
582 377 636 420 ore
660 351 853 439 cruoreml),

83 444 153 510 Nec
176 448 267 509 tutus
291 444 355 509 dux
377 445 447 529 ipse
471 449 590 511 manet.
637 442 671 507 Si
693 463 824 528 pascere
847 446 986 527 temptes

82 533 170 598 Pane
193 535 320 618 lupum,
343 533 477 598 tandem
500 532 615 617 perdes
640 553 784 616 operam:
809 530 916 616 Magis
941 553 1025 618 agno

82 621 197 698 Querit
220 625 252 687 et
276 622 445 688 anseribus
468 623 567 706 pasci.
614 620 649 686 Si
673 621 808 705 denique
832 620 929 686 tollas

81 710 183 796 Inque
207 711 280 776 sinu
302 711 415 777 foreas
437 711 648 796 languentem
672 711 783 795 algore
807 709 990 794 colubrum,
1111 726 1152 767 050

82 799 159 867 Mox
182 800 239 864 ubi
262 801 300 864 fit
323 801 461 882 calidus,
484 800 587 866 cauda
610 803 642 864 te
665 798 807 884 perfidus
832 802 933 883 angit.

82 888 242 954 Naturam
266 911 394 954 servare
418 911 510 953 suam
534 892 654 954 norunt
677 888 821 952 animata

83 975 212 1061 Cetera,
237 978 327 1043 solus
351 978 449 1042 homo
474 979 545 1063 quis
570 978 614 1042 sit
636 998 701 1041 non
723 977 795 1041 vult
818 975 1014 1041 meminisse.

82 1064 153 1149 Hpo
177 1067 219 1131 ad
241 1066 357 1130 Iudeos
382 1066 502 1131 dixisse
526 1070 579 1131 sat
602 1070 664 1148 est,
686 1086 791 1149 neque
816 1065 898 1129 enim
922 1063 1010 1129 istud

83 1154 261 1219 Tantillum
285 1155 374 1219 surdi
397 1158 512 1220 curant
534 1154 714 1237 attendere,
736 1175 876 1237 namque
1113 1170 1153 1210 455

83 1243 128 1308 Ut
151 1266 250 1327 supra
274 1243 354 1327 dixi,
377 1245 424 1308 sio
447 1247 582 1328 pectora
604 1243 689 1307 ludit
712 1264 823 1307 eorum
987 1242 996 1256 ⁸

82 1333 246 1417 Antiquos
272 1354 415 1417 serpens,
438 1338 475 1397 ut
497 1349 597 1416 prave
620 1333 728 1397 vivere
751 1331 882 1415 malint;

83 1420 192 1487 Hoece
215 1443 272 1506 per
294 1422 451 1486 invidiam
473 1421 554 1487 facit
577 1424 626 1506 ut,
650 1420 727 1505 quia
750 1420 891 1484 concidit
913 1420 984 1504 ipse

83 1510 132 1573 De
157 1510 282 1594 superis
305 1531 363 1594 per
386 1510 507 1575 fastum
526 1513 559 1575 et
577 1512 727 1593 apostata
746 1529 874 1592 semper
891 1509 926 1572 in
944 1509 1020 1592 igne
1041 1512 1099 1592 est,
1126 1528 1147 1573 ·,

84 1598 227 1661 Arsurus
250 1598 359 1680 plures
382 1598 503 1662 habeat
527 1597 633 1662 socios
656 1597 827 1661 cruciatus.
1114 1613 1154 1653 400

84 1684 169 1750 Nam
193 1688 363 1750 contentus
387 1686 434 1750 eis
456 1708 523 1751 non
547 1689 611 1768 est,
635 1707 714 1770 quos
738 1685 826 1749 iuste
848 1684 993 1749 tonantis

83 1772 220 1858 Depulit
243 1775 292 1838 ira
315 1774 406 1859 polo,
429 1774 506 1859 quia
528 1795 718 1839 consensere
741 1773 914 1859 magistro:

83 1862 248 1928 Demonas
272 1863 453 1948 appellant,
476 1863 511 1927 hi
534 1866 605 1929 toto
630 1862 781 1947 quicquid
804 1864 840 1927 in
863 1863 941 1929 orbe

82 1950 238 2017 Patratur
262 1952 392 2017 sceleris
417 1951 554 2017 suadent
577 1956 610 2018 et
632 1953 699 2017 tela
721 1952 840 2017 furoris

83 2039 310 2125 Suppeditant,
333 2041 513 2106 fraternum
537 2042 660 2125 odium,
685 2041 793 2106 civilio
815 2039 917 2124 bella,
1113 2056 1153 2099 005

82 2127 293 2213 Prestigium,
317 2130 460 2215 fraudes,
483 2131 638 2214 periuria,
661 2129 761 2214 furta,
784 2130 928 2213 rapines3

83 2215 237 2281 Sensibus
260 2215 435 2305 illudunt²)
459 2217 640 2299 hominum,
663 2238 902 2302 numquamque
925 2217 1036 2280 fideles

83 2305 259 2370 Absistunt
283 2328 303 2370 a
325 2306 407 2370 calle
430 2307 508 2370 boni
533 2306 682 2370 seducere
706 2309 842 2369 mentes.

84 2392 283 2459 Concessum
307 2397 417 2459 tomen
439 2394 491 2458 his
514 2416 581 2459 non
605 2397 656 2458 est
678 2393 859 2476 penetralia
883 2392 988 2458 cordis

82 2478 256 2568 Rimari3),
280 2482 334 2548 sed
358 2482 434 2547 dum
457 2482 570 2549 deluso
593 2486 723 2567 pectore
749 2504 875 2562 sensus,
1113 2501 1155 2540 450

82 2570 219 2649 Gustus,
243 2572 413 2656 odoratus,
436 2573 579 2656 auditus,
602 2571 699 2656 visio,
722 2574 830 2637 tactus

82 2659 271 2726 Blandioias
295 2683 365 2726 sese
387 2661 571 2727 iaculantur
593 2660 635 2726 ad
658 2661 846 2738 exteriores,

81 2749 219 2834 Experti
243 2750 347 2815 cordis
371 2751 430 2814 tali
454 2748 671 2815 oblectamine
695 2770 844 2815 somnum

82 2837 269 2902 Adveniunt
291 2843 483 2923 ceptumque
507 2839 628 2902 malum
651 2838 823 2922 perducere
846 2842 951 2922 tempt
994 2842 1017 2902 t.

81 2924 206 2990 Horum
232 2931 307 2991 sunt
331 2927 410 2991 socii
434 2948 514 3011 quos
537 2926 658 3011 invidie
682 2928 843 2993 scelerosa
1111 2943 1152 2983 4⁷5

81 3012 143 3078 Est
166 3013 250 3078 bilis.
295 3014 430 3081 Mordax
454 3015 540 3081 bona
563 3016 700 3106 dissipat
723 3017 834 3081 omnia
855 3015 945 3081 livor.

152 3228 206 3279 458
224 3223 268 3296 ut]
288 3224 379 3295 prima
397 3225 494 3281 littera
512 3225 590 3281 velut
608 3242 628 3280 x
647 3225 732 3280 scribi
750 3224 845 3294 coepit
925 3228 977 3278 475
993 3240 1016 3278 c.
1031 3202 1099 3293 duos

82 3342 296 3355 *un—u·—

154 3404 180 3471 1)
199 3401 268 3457 Aen.
287 3400 321 3471 X,
341 3407 401 3456 349.
496 3405 523 3468 2)
541 3408 594 3458 466
604 3420 644 3473 sq.
664 3419 679 3458 e
700 3400 801 3456 Alcimi
819 3400 870 3456 Ar.
890 3401 919 3458 O.
937 3401 973 3469 V,
991 3407 1043 3457 472
1055 3418 1103 3472 sq·

81 3476 108 3541 8)
127 3473 237 3529 iuvene.
257 3472 322 3527 hist.
341 3491 383 3528 er.
403 3471 451 3540 IV,
470 3479 494 3528 7.
519 3473 554 3529 cf.
573 3473 656 3528 Prud.
676 3472 802 3528 Hamart.
822 3478 882 3529 542.

507 3619 672 3629 ——-
