2468 3826
523 170 631 227 LIBER
649 172 697 227 ΙΙΙ.

105 334 181 400 Non
204 354 294 399 secus
318 334 379 399 hae
401 334 521 398 virtute
546 355 620 399 suos
644 336 843 417 precesserat
866 355 977 400 omnes

103 424 225 489 Doctor
247 422 446 508 Maoharius,
469 444 532 507 quo
556 423 603 487 sio
626 423 776 488 devocius
800 423 868 487 eius

104 512 263 596 Exemplo
287 513 402 577 fierent
425 511 566 576 obnoxia
588 515 721 594 pectora
743 511 890 576 fratrum.

102 600 248 685 Angelus
270 601 345 665 huie
368 605 465 683 teter,
489 623 583 685 quem
607 604 713 666 rector
736 599 893 684 Apollion
917 600 991 667 Oroi

103 688 250 775 Miserat,
274 711 428 754 occurens
451 689 566 754 falcem
593 690 737 775 gestavit
760 687 919 775 acutaml)
1130 709 1171 749 400

101 776 240 843 Vibrato
263 779 421 843 minitans
443 778 548 843 fatum
572 779 700 842 crudele
723 775 880 863 lacert0²)

103 866 151 932 Aa
173 864 366 953 ringendo³)
388 869 536 951 loquens:
559 866 605 951 „0
630 867 659 930 si
681 872 714 931 te
737 867 907 950 conficere,
930 868 1028 953 abba,

104 955 232 1020 Audeat
256 956 381 1020 excelso
406 955 574 1038 lapsorum
598 955 712 1039 sydere
735 956 921 1040 quisquam,

102 1041 226 1109 Contra
250 1065 330 1129 quos
354 1044 477 1108 bellum
501 1047 550 1108 est
573 1044 791 1127 credentibus,
817 1044 871 1108 hio
894 1044 955 1108 tibi
976 1067 1115 1129 pronum

102 1129 199 1196 Certo
224 1132 400 1198 dividerem
423 1136 514 1196 tactu
537 1136 643 1216 caput.
689 1131 794 1198 Unica
816 1154 868 1198 res
892 1137 943 1197 est
1129 1150 1169 1191 405

103 1219 187 1305 Qua,
211 1222 326 1305 loquar
349 1243 391 1285 an
414 1218 575 1306 sileam),
598 1221 684 1285 cives
707 1222 850 1305 procedis
876 1221 1050 1289 Avernos.“

101 1308 161 1375 Cui
185 1315 315 1375 sanetus
340 1311 424 1374 comi
447 1310 616 1374 subridens
639 1310 778 1375 reddidit
801 1308 902 1397 ore⁵):

101 1397 210 1484 „Ergo
234 1404 266 1463 te
291 1399 402 1464 adiuro
426 1421 484 1482 per
507 1399 558 1464 oui
581 1400 615 1463 in
638 1420 773 1482 presepe
795 1400 913 1464 iacenti

98 1485 228 1552 Mistiea
251 1489 337 1552 dona
360 1488 419 1552 deo
443 1509 536 1569 reges
558 1487 699 1551 tribuere
720 1486 832 1571 Sabei‚

100 1573 148 1639 Ut
170 1575 250 1639 mihi
273 1597 342 1639 rem
364 1576 479 1660 lingua
501 1575 619 1640 falsum
642 1577 767 1639 vitante
790 1576 941 1640 reveles“
1128 1595 1169 1634 410

100 1662 161 1726 Ille
184 1663 285 1728 refert
306 1664 387 1748 „Ter
410 1666 444 1728 in
469 1663 649 1728 ebdomada
672 1685 738 1728 non
761 1663 861 1728 uteris
886 1685 972 1748 esea,

100 1750 163 1815 Ast
187 1772 246 1836 ego
270 1752 398 1816 ieiunus
421 1775 480 1836 per
503 1751 611 1816 secula
635 1755 752 1816 cuncta
776 1752 911 1817 manebo

99 1839 144 1906 Et
167 1841 273 1905 mansi
297 1846 330 1906 et
353 1863 478 1906 maneo.
524 1839 630 1905 Media
654 1841 874 1926 expergiscere
897 1846 1007 1924 noete,

101 1927 235 2014 Semper
258 1952 319 2017 ego
343 1930 456 2016 vigilo,
481 1930 528 1994 sio
551 1952 622 1995 cum
648 1930 709 1994 sim
733 1931 838 1995 maior
860 1931 896 1994 in
919 1931 971 1995 his
994 1934 1040 2016 te,

100 2018 151 2083 'Iu
173 2020 278 2085 maior
300 2020 394 2085 nobis
418 2019 535 2084 humili
558 2020 616 2084 sub
640 2023 747 2084 mente
770 2020 903 2103 videri03
1126 2034 1166 2076 415

99 2104 169 2172 Neo
193 2128 253 2193 ego
277 2131 336 2173 neo
359 2109 479 2174 valeo.“
523 2108 633 2173 Nullis
656 2109 749 2173 falsis
773 2109 939 2173 inimicum

101 2194 266 2262 Laudibus
291 2197 434 2281 extollit3
459 2196 535 2280 quid
555 2197 707 2280 apertius,
731 2196 793 2261 hae
817 2198 885 2260 sine
910 2218 1007 2280 quam
1027 2197 1112 2281 quod

100 2282 222 2349 Omnes
246 2285 382 2349 virtutes
407 2286 527 2350 virtute
550 2287 661 2366 ruunt,
685 2285 779 2368 quasi
803 2305 914 2348 murus

99 2369 133 2436 si
155 2372 365 2439 fundamento
389 2377 480 2439 earet
503 2377 560 2437 aut
583 2371 696 2437 domus
721 2373 842 2456 absque
866 2371 1038 2438 columna?

241 2673 309 2743 (IV.)
333 2672 373 2728 De
392 2674 471 2728 statu
490 2671 581 2746 auimq
598 2673 628 2727 et
647 2670 817 2726 exoellontia
835 2669 968 2742 earnis.⁶)

98 2798 240 2882 Quisque
265 2800 324 2864 deo
348 2805 445 2864 uatus
467 2821 534 2862 non
557 2802 677 2882 peceat.
722 2798 909 2882 „Quomodo
932 2798 1075 2865 natus‘?“
1124 2817 1164 2856 42⁰

97 2884 173 2951 Non
197 2888 281 2951 siout
304 2888 435 2972 quidam
460 2888 552 2952 stulti
575 2887 710 2952 eredunt
734 2887 773 2952 de
797 2889 905 2953 anima
927 2888 1012 2973 quod

99 2972 150 3071 Sit
173 2980 291 3041 natura
315 2976 366 3041 dei
388 2978 440 3040 vel
464 2973 619 3061 portio⁷)‚
642 2998 701 3041 nos
726 2977 803 3041 deus
826 2982 864 3041 ut
888 2977 933 3040 sie

168 3174 220 3223 417
240 3184 262 3223 c.
281 3170 332 3223 Irae
350 3171 389 3223 aio
407 3171 465 3224 sine

169 3332 196 3399 1)
215 3329 264 3384 Or.
284 3330 350 3383 Met.
369 3327 415 3395 IX,
434 3333 495 3383 383.
567 3330 595 3398 2)
614 3328 682 3382 Aen.
701 3326 722 3394 I,
742 3332 844 3400 2‘Ilflsq.
868 3325 936 3381 Met.
954 3326 1028 3392 VIII,
1048 3331 1108 3382 467.

96 3403 124 3468 3)
145 3402 179 3455 of.
199 3400 265 3456 Hor.
284 3401 334 3469 Ep.
354 3397 388 3468 II,
408 3406 432 3467 2,
454 3404 505 3453 128
525 3401 553 3452 et
572 3398 657 3454 schol.
678 3399 778 3453 Aaron.
865 3400 892 3467 4)
911 3398 979 3452 Aen.
999 3397 1046 3465 111,
1066 3403 1109 3453 39.

95 3474 132 3595 ᾗ).
152 3471 220 3598 issedl'
240 3471 286 3540 XI,
311 3476 370 3525 251.
463 3471 490 3538 6)
518 3469 601 3524 Prud.
624 3469 727 3540 Apoth.
752 3473 803 3524 782
819 3485 879 3538 sqq.
970 3471 998 3539 t)
1026 3469 1109 3525 Prud.
