<?xml version="1.0" encoding="UTF-8"?>
<!DOCTYPE html PUBLIC "-//W3C//DTD XHTML 1.0 Transitional//EN"
    "http://www.w3.org/TR/xhtml1/DTD/xhtml1-transitional.dtd">
<html xmlns="http://www.w3.org/1999/xhtml" xml:lang="en" lang="en">
 <head>
  <title>
</title>
<meta http-equiv="Content-Type" content="text/html;charset=utf-8" />
  <meta name='ocr-system' content='tesseract 3.04.00' />
  <meta name='ocr-capabilities' content='ocr_page ocr_carea ocr_par ocr_line ocrx_word'/>
</head>
<body>
  <div class='ocr_page' id='page_1' title='image "./sextiamarciigal00manigoog_0044.png"; bbox 0 0 2468 3826; ppageno 0'>
   <div class='ocr_carea' id='block_1_1' title="bbox 491 183 1100 250">
    <p class='ocr_par' dir='ltr' id='par_1_1' title="bbox 491 183 1100 250">
     <span class='ocr_line' id='line_1_1' title="bbox 491 183 1100 250; baseline -0.002 -12"><span class='ocrx_word' id='word_1_1' title='bbox 491 183 599 239; x_wconf 79' lang='lat' dir='ltr'>LIBER</span> <span class='ocrx_word' id='word_1_2' title='bbox 618 185 638 240; x_wconf 91' lang='lat' dir='ltr'>l.</span> <span class='ocrx_word' id='word_1_3' title='bbox 658 184 692 241; x_wconf 88' lang='grc' dir='ltr'>ΙΙ.</span> <span class='ocrx_word' id='word_1_4' title='bbox 960 244 964 250; x_wconf 50' lang='grc'><em>,</em></span> <span class='ocrx_word' id='word_1_5' title='bbox 1060 185 1100 250; x_wconf 84' lang='grc'>21</span> 
     </span>
    </p>
   </div>
   <div class='ocr_carea' id='block_1_2' title="bbox 86 346 1162 2119">
    <p class='ocr_par' dir='ltr' id='par_1_2' title="bbox 87 346 801 430">
     <span class='ocr_line' id='line_1_2' title="bbox 87 346 801 430; baseline -0.001 -17"><span class='ocrx_word' id='word_1_6' title='bbox 87 347 276 413; x_wconf 81' lang='lat' dir='ltr'><strong>Imbribus?</strong></span> <span class='ocrx_word' id='word_1_7' title='bbox 322 347 421 412; x_wconf 84' lang='lat' dir='ltr'>Helie</span> <span class='ocrx_word' id='word_1_8' title='bbox 445 346 801 430; x_wconf 71' lang='grc'>5155151555555555,</span> 
     </span>
    </p>

    <p class='ocr_par' dir='ltr' id='par_1_3' title="bbox 86 434 1157 700">
     <span class='ocr_line' id='line_1_3' title="bbox 87 434 1157 521; baseline 0.001 -21"><span class='ocrx_word' id='word_1_9' title='bbox 87 435 183 501; x_wconf 92' lang='lat' dir='ltr'>Nunc</span> <span class='ocrx_word' id='word_1_10' title='bbox 206 456 300 500; x_wconf 85' lang='lat' dir='ltr'>carne</span> <span class='ocrx_word' id='word_1_11' title='bbox 324 440 490 521; x_wconf 76' lang='lat' dir='ltr'>assumpta</span> <span class='ocrx_word' id='word_1_12' title='bbox 512 456 612 519; x_wconf 84' lang='lat' dir='ltr'>panes</span> <span class='ocrx_word' id='word_1_13' title='bbox 635 457 755 519; x_wconf 85' lang='lat' dir='ltr'>paucos</span> <span class='ocrx_word' id='word_1_14' title='bbox 779 434 970 502; x_wconf 82' lang='lat' dir='ltr'>benedicens</span> <span class='ocrx_word' id='word_1_15' title='bbox 1117 454 1157 495; x_wconf 87' lang='grc'>555</span> 
     </span>
     <span class='ocr_line' id='line_1_4' title="bbox 87 524 1051 593; baseline 0 -4"><span class='ocrx_word' id='word_1_16' title='bbox 87 525 277 590; x_wconf 82' lang='grc' dir='ltr'>Ι111151115155</span> <span class='ocrx_word' id='word_1_17' title='bbox 299 525 468 590; x_wconf 90' lang='lat' dir='ltr'><strong>hominum</strong></span> <span class='ocrx_word' id='word_1_18' title='bbox 492 525 594 589; x_wconf 75' lang='lat' dir='ltr'>saciat</span> <span class='ocrx_word' id='word_1_19' title='bbox 616 525 730 590; x_wconf 73' lang='lat' dir='ltr'>turbas</span> <span class='ocrx_word' id='word_1_20' title='bbox 755 529 788 590; x_wconf 75' lang='lat' dir='ltr'>ei</span> <span class='ocrx_word' id='word_1_21' title='bbox 811 524 852 589; x_wconf 91' lang='lat' dir='ltr'>ob</span> <span class='ocrx_word' id='word_1_22' title='bbox 875 525 959 591; x_wconf 81' lang='lat' dir='ltr'>hanc</span> <span class='ocrx_word' id='word_1_23' title='bbox 982 547 1051 593; x_wconf 86' lang='lat' dir='ltr'>rem</span> 
     </span>
     <span class='ocr_line' id='line_1_5' title="bbox 86 612 889 700; baseline 0.001 -23"><span class='ocrx_word' id='word_1_24' title='bbox 86 613 266 678; x_wconf 73' lang='lat' dir='ltr'><strong>Dumiaxat</strong></span> <span class='ocrx_word' id='word_1_25' title='bbox 287 615 396 700; x_wconf 86' lang='lat' dir='ltr'>plures</span> <span class='ocrx_word' id='word_1_26' title='bbox 421 613 461 678; x_wconf 86' lang='lat' dir='ltr'>ad</span> <span class='ocrx_word' id='word_1_27' title='bbox 484 635 557 677; x_wconf 89' lang='lat' dir='ltr'>cum</span> <span class='ocrx_word' id='word_1_28' title='bbox 580 634 711 697; x_wconf 83' lang='lat' dir='ltr'>venere,</span> <span class='ocrx_word' id='word_1_29' title='bbox 734 612 790 677; x_wconf 86' lang='lat' dir='ltr'>sed</span> <span class='ocrx_word' id='word_1_30' title='bbox 813 613 889 680; x_wconf 82' lang='lat' dir='ltr'><strong>illos</strong></span> 
     </span>
    </p>

    <p class='ocr_par' dir='ltr' id='par_1_4' title="bbox 86 701 1061 876">
     <span class='ocr_line' id='line_1_6' title="bbox 86 701 1061 788; baseline 0 -22"><span class='ocrx_word' id='word_1_31' title='bbox 86 701 162 786; x_wconf 83' lang='lat' dir='ltr'>Ipse</span> <span class='ocrx_word' id='word_1_32' title='bbox 184 702 248 786; x_wconf 84' lang='lat' dir='ltr'>piis</span> <span class='ocrx_word' id='word_1_33' title='bbox 272 703 406 768; x_wconf 78' lang='lat' dir='ltr'><strong>monitis</strong></span> <span class='ocrx_word' id='word_1_34' title='bbox 429 702 502 767; x_wconf 81' lang='lat' dir='ltr'>miti</span> <span class='ocrx_word' id='word_1_35' title='bbox 525 702 564 766; x_wconf 88' lang='lat' dir='ltr'>de</span> <span class='ocrx_word' id='word_1_36' title='bbox 586 705 716 786; x_wconf 81' lang='lat' dir='ltr'>pectore</span> <span class='ocrx_word' id='word_1_37' title='bbox 741 702 880 786; x_wconf 78' lang='lat' dir='ltr'><strong>sumptis</strong></span> <span class='ocrx_word' id='word_1_38' title='bbox 930 755 946 788; x_wconf 73' lang='grc'>,</span> <span class='ocrx_word' id='word_1_39' title='bbox 1057 709 1061 717; x_wconf 89' lang='grc'><strong>“</strong></span> 
     </span>
     <span class='ocr_line' id='line_1_7' title="bbox 86 789 909 876; baseline 0 -22"><span class='ocrx_word' id='word_1_40' title='bbox 86 790 249 856; x_wconf 75' lang='lat' dir='ltr'><strong>Instituit:</strong></span> <span class='ocrx_word' id='word_1_41' title='bbox 274 789 385 856; x_wconf 82' lang='lat' dir='ltr'><strong>Solam</strong></span> <span class='ocrx_word' id='word_1_42' title='bbox 408 813 447 855; x_wconf 93' lang='lat' dir='ltr'>ne</span> <span class='ocrx_word' id='word_1_43' title='bbox 471 789 594 875; x_wconf 78' lang='lat' dir='ltr'>queiitc</span> <span class='ocrx_word' id='word_1_44' title='bbox 618 791 762 874; x_wconf 87' lang='lat' dir='ltr'>corporis</span> <span class='ocrx_word' id='word_1_45' title='bbox 787 812 909 876; x_wconf 82' lang='lat' dir='ltr'>escam,</span> 
     </span>
    </p>

    <p class='ocr_par' dir='ltr' id='par_1_5' title="bbox 87 878 1159 1052">
     <span class='ocr_line' id='line_1_8' title="bbox 87 878 1159 963; baseline -0.001 -19"><span class='ocrx_word' id='word_1_46' title='bbox 87 878 172 954; x_wconf 82' lang='lat' dir='ltr'><strong>Quin</strong></span> <span class='ocrx_word' id='word_1_47' title='bbox 195 880 295 945; x_wconf 91' lang='lat' dir='ltr'><strong>immo</strong></span> <span class='ocrx_word' id='word_1_48' title='bbox 318 880 412 945; x_wconf 76' lang='lat' dir='ltr'>dictis</span> <span class='ocrx_word' id='word_1_49' title='bbox 436 884 570 945; x_wconf 79' lang='lat' dir='ltr'>vestras·</span> <span class='ocrx_word' id='word_1_50' title='bbox 583 880 719 963; x_wconf 65' lang='lat' dir='ltr'>penitcte</span> <span class='ocrx_word' id='word_1_51' title='bbox 743 879 871 945; x_wconf 80' lang='lat' dir='ltr'>cibari</span> <span class='ocrx_word' id='word_1_52' title='bbox 1117 896 1159 937; x_wconf 78' lang='grc'>550</span> 
     </span>
     <span class='ocr_line' id='line_1_9' title="bbox 88 968 774 1052; baseline 0 -20"><span class='ocrx_word' id='word_1_53' title='bbox 88 968 217 1032; x_wconf 86' lang='lat' dir='ltr'><strong>Divinis</strong></span> <span class='ocrx_word' id='word_1_54' title='bbox 242 968 381 1052; x_wconf 73' lang='grc'>51115155)</span> <span class='ocrx_word' id='word_1_55' title='bbox 404 968 486 1032; x_wconf 78' lang='lat' dir='ltr'>tales</span> <span class='ocrx_word' id='word_1_56' title='bbox 510 968 622 1052; x_wconf 85' lang='lat' dir='ltr'>epulas</span> <span class='ocrx_word' id='word_1_57' title='bbox 646 969 774 1052; x_wconf 80' lang='lat' dir='ltr'>operari</span> 
     </span>
    </p>

    <p class='ocr_par' dir='ltr' id='par_1_6' title="bbox 87 1056 918 1141">
     <span class='ocr_line' id='line_1_10' title="bbox 87 1056 918 1141; baseline 0 -20"><span class='ocrx_word' id='word_1_58' title='bbox 87 1056 164 1121; x_wconf 89' lang='lat' dir='ltr'>Non</span> <span class='ocrx_word' id='word_1_59' title='bbox 187 1060 327 1140; x_wconf 72' lang='lat' dir='ltr'>cessate,</span> <span class='ocrx_word' id='word_1_60' title='bbox 350 1057 467 1140; x_wconf 86' lang='lat' dir='ltr'><strong>quibus</strong></span> <span class='ocrx_word' id='word_1_61' title='bbox 490 1057 626 1121; x_wconf 83' lang='lat' dir='ltr'>valeatis</span> <span class='ocrx_word' id='word_1_62' title='bbox 648 1057 758 1121; x_wconf 83' lang='lat' dir='ltr'>vivere</span> <span class='ocrx_word' id='word_1_63' title='bbox 782 1077 918 1141; x_wconf 82' lang='lat' dir='ltr'>semper.</span> 
     </span>
    </p>

    <p class='ocr_par' dir='ltr' id='par_1_7' title="bbox 88 1143 989 1231">
     <span class='ocr_line' id='line_1_11' title="bbox 88 1143 989 1231; baseline 0.001 -23"><span class='ocrx_word' id='word_1_64' title='bbox 88 1143 209 1224; x_wconf 83' lang='lat' dir='ltr'>Manna</span> <span class='ocrx_word' id='word_1_65' title='bbox 232 1149 342 1228; x_wconf 69' lang='lat' dir='ltr'>paires</span> <span class='ocrx_word' id='word_1_66' title='bbox 365 1144 489 1229; x_wconf 74' lang='lat' dir='ltr'>vestri‚&#39;</span> <span class='ocrx_word' id='word_1_67' title='bbox 503 1166 575 1209; x_wconf 89' lang='lat' dir='ltr'>cum</span> <span class='ocrx_word' id='word_1_68' title='bbox 598 1166 657 1229; x_wconf 92' lang='lat' dir='ltr'>per</span> <span class='ocrx_word' id='word_1_69' title='bbox 680 1145 808 1210; x_wconf 74' lang='lat' dir='ltr'>deserte</span> <span class='ocrx_word' id='word_1_70' title='bbox 831 1148 989 1231; x_wconf 81' lang='lat' dir='ltr'>mearent,</span> 
     </span>
    </p>

    <p class='ocr_par' dir='ltr' id='par_1_8' title="bbox 87 1231 837 1318">
     <span class='ocr_line' id='line_1_12' title="bbox 87 1231 837 1318; baseline -0.005 -21"><span class='ocrx_word' id='word_1_71' title='bbox 87 1231 196 1316; x_wconf 70' lang='lat' dir='ltr'>Atque</span> <span class='ocrx_word' id='word_1_72' title='bbox 220 1233 401 1299; x_wconf 76' lang='lat' dir='ltr'>coturnices</span> <span class='ocrx_word' id='word_1_73' title='bbox 425 1234 574 1318; x_wconf 77' lang='lat' dir='ltr'>deplutas</span> <span class='ocrx_word' id='word_1_74' title='bbox 598 1255 672 1298; x_wconf 83' lang='lat' dir='ltr'>aere</span> <span class='ocrx_word' id='word_1_75' title='bbox 695 1235 794 1299; x_wconf 81' lang='lat' dir='ltr'>denso</span> <span class='ocrx_word' id='word_1_76' title='bbox 832 1284 837 1293; x_wconf 91' lang='lat'>.</span> 
     </span>
    </p>

    <p class='ocr_par' dir='ltr' id='par_1_9' title="bbox 86 1321 1160 1497">
     <span class='ocr_line' id='line_1_13' title="bbox 86 1321 1160 1409; baseline 0 -22"><span class='ocrx_word' id='word_1_77' title='bbox 86 1322 235 1387; x_wconf 77' lang='lat' dir='ltr'>Ederunt</span> <span class='ocrx_word' id='word_1_78' title='bbox 259 1326 292 1387; x_wconf 81' lang='lat' dir='ltr'>et</span> <span class='ocrx_word' id='word_1_79' title='bbox 313 1344 380 1387; x_wconf 90' lang='lat' dir='ltr'>non</span> <span class='ocrx_word' id='word_1_80' title='bbox 402 1325 537 1407; x_wconf 81' lang='lat' dir='ltr'>potuere</span> <span class='ocrx_word' id='word_1_81' title='bbox 561 1323 695 1388; x_wconf 82' lang='lat' dir='ltr'>evadere</span> <span class='ocrx_word' id='word_1_82' title='bbox 719 1321 898 1409; x_wconf 67' lang='grc'>1151551111)</span> <span class='ocrx_word' id='word_1_83' title='bbox 1120 1338 1160 1379; x_wconf 86' lang='grc'>555</span> 
     </span>
     <span class='ocr_line' id='line_1_14' title="bbox 87 1411 966 1497; baseline 0 -22"><span class='ocrx_word' id='word_1_84' title='bbox 87 1411 187 1476; x_wconf 87' lang='lat' dir='ltr'><strong>Panis</strong></span> <span class='ocrx_word' id='word_1_85' title='bbox 211 1432 271 1496; x_wconf 83' lang='lat' dir='ltr'>ego</span> <span class='ocrx_word' id='word_1_86' title='bbox 290 1411 382 1476; x_wconf 82' lang='lat' dir='ltr'><strong>vivus</strong></span> <span class='ocrx_word' id='word_1_87' title='bbox 406 1435 477 1476; x_wconf 79' lang='lat' dir='ltr'>sum</span> <span class='ocrx_word' id='word_1_88' title='bbox 502 1411 619 1497; x_wconf 87' lang='lat' dir='ltr'>quique</span> <span class='ocrx_word' id='word_1_89' title='bbox 644 1411 817 1477; x_wconf 79' lang='lat' dir='ltr'>comederit</span> <span class='ocrx_word' id='word_1_90' title='bbox 840 1433 877 1477; x_wconf 87' lang='lat' dir='ltr'>ex</span> <span class='ocrx_word' id='word_1_91' title='bbox 901 1433 966 1496; x_wconf 85' lang='lat' dir='ltr'>me,</span> 
     </span>
    </p>

    <p class='ocr_par' dir='ltr' id='par_1_10' title="bbox 87 1497 939 1585">
     <span class='ocr_line' id='line_1_15' title="bbox 87 1497 939 1585; baseline -0.001 -21"><span class='ocrx_word' id='word_1_92' title='bbox 87 1499 221 1565; x_wconf 78' lang='lat' dir='ltr'>Esuriet</span> <span class='ocrx_word' id='word_1_93' title='bbox 243 1522 435 1585; x_wconf 85' lang='lat' dir='ltr'><strong>numquam,</strong></span> <span class='ocrx_word' id='word_1_94' title='bbox 457 1522 635 1584; x_wconf 84' lang='lat' dir='ltr'><strong>numquam</strong></span> <span class='ocrx_word' id='word_1_95' title='bbox 658 1501 768 1566; x_wconf 76' lang='lat' dir='ltr'><strong>vitalis</strong></span> <span class='ocrx_word' id='word_1_96' title='bbox 792 1497 939 1585; x_wconf 73' lang='lat' dir='ltr'><strong>obibie.²)</strong></span> 
     </span>
    </p>

    <p class='ocr_par' dir='ltr' id='par_1_11' title="bbox 88 1587 866 1672">
     <span class='ocr_line' id='line_1_16' title="bbox 88 1587 866 1672; baseline 0.001 -21"><span class='ocrx_word' id='word_1_97' title='bbox 88 1587 172 1652; x_wconf 83' lang='lat' dir='ltr'><strong>Pani</strong></span> <span class='ocrx_word' id='word_1_98' title='bbox 196 1588 361 1652; x_wconf 80' lang='lat' dir='ltr'>confertur</span> <span class='ocrx_word' id='word_1_99' title='bbox 384 1588 508 1653; x_wconf 88' lang='lat' dir='ltr'><strong>domini</strong></span> <span class='ocrx_word' id='word_1_100' title='bbox 531 1595 562 1652; x_wconf 81' lang='lat' dir='ltr'>et</span> <span class='ocrx_word' id='word_1_101' title='bbox 586 1589 715 1653; x_wconf 77' lang='lat' dir='ltr'>dilectio</span> <span class='ocrx_word' id='word_1_102' title='bbox 739 1588 866 1672; x_wconf 60' lang='lat' dir='ltr'>frantie,</span> 
     </span>
    </p>

    <p class='ocr_par' dir='ltr' id='par_1_12' title="bbox 89 1676 1007 1761">
     <span class='ocr_line' id='line_1_17' title="bbox 89 1676 1007 1761; baseline -0.001 -21"><span class='ocrx_word' id='word_1_103' title='bbox 89 1676 135 1740; x_wconf 76' lang='lat' dir='ltr'>nt</span> <span class='ocrx_word' id='word_1_104' title='bbox 156 1676 248 1761; x_wconf 88' lang='lat' dir='ltr'>bene,</span> <span class='ocrx_word' id='word_1_105' title='bbox 271 1698 410 1760; x_wconf 81' lang='lat' dir='ltr'>namque</span> <span class='ocrx_word' id='word_1_106' title='bbox 433 1676 563 1760; x_wconf 87' lang='lat' dir='ltr'>epulum</span> <span class='ocrx_word' id='word_1_107' title='bbox 585 1698 669 1760; x_wconf 77' lang='lat' dir='ltr'>pune</span> <span class='ocrx_word' id='word_1_108' title='bbox 694 1680 743 1741; x_wconf 80' lang='lat' dir='ltr'>est</span> <span class='ocrx_word' id='word_1_109' title='bbox 766 1676 888 1741; x_wconf 87' lang='lat' dir='ltr'>elucius</span> <span class='ocrx_word' id='word_1_110' title='bbox 912 1695 1007 1740; x_wconf 86' lang='lat' dir='ltr'>omne</span> 
     </span>
    </p>

    <p class='ocr_par' dir='ltr' id='par_1_13' title="bbox 89 1764 1162 1938">
     <span class='ocr_line' id='line_1_18' title="bbox 89 1764 1162 1851; baseline 0.002 -23"><span class='ocrx_word' id='word_1_111' title='bbox 89 1764 135 1829; x_wconf 79' lang='lat' dir='ltr'>Et</span> <span class='ocrx_word' id='word_1_112' title='bbox 157 1768 227 1829; x_wconf 80' lang='lat' dir='ltr'>tam</span> <span class='ocrx_word' id='word_1_113' title='bbox 251 1764 343 1829; x_wconf 83' lang='lat' dir='ltr'>dulce</span> <span class='ocrx_word' id='word_1_114' title='bbox 366 1764 449 1829; x_wconf 91' lang='lat' dir='ltr'><strong>nihil</strong></span> <span class='ocrx_word' id='word_1_115' title='bbox 470 1764 534 1830; x_wconf 79' lang='lat' dir='ltr'>tibi</span> <span class='ocrx_word' id='word_1_116' title='bbox 556 1768 698 1830; x_wconf 80' lang='lat' dir='ltr'>torretur</span> <span class='ocrx_word' id='word_1_117' title='bbox 721 1766 919 1851; x_wconf 73' lang='lat' dir='ltr'>coquiturve.</span> <span class='ocrx_word' id='word_1_118' title='bbox 1118 1780 1162 1821; x_wconf 75' lang='grc'>550</span> 
     </span>
     <span class='ocr_line' id='line_1_19' title="bbox 90 1851 959 1938; baseline 0 -21"><span class='ocrx_word' id='word_1_119' title='bbox 90 1851 124 1917; x_wconf 82' lang='lat' dir='ltr'>si</span> <span class='ocrx_word' id='word_1_120' title='bbox 148 1853 243 1918; x_wconf 91' lang='lat' dir='ltr'><strong>modo</strong></span> <span class='ocrx_word' id='word_1_121' title='bbox 267 1875 350 1938; x_wconf 83' lang='lat' dir='ltr'>pane</span> <span class='ocrx_word' id='word_1_122' title='bbox 373 1875 479 1937; x_wconf 83' lang='lat' dir='ltr'>cares,</span> <span class='ocrx_word' id='word_1_123' title='bbox 502 1854 660 1920; x_wconf 71' lang='lat' dir='ltr'>vilescuni</span> <span class='ocrx_word' id='word_1_124' title='bbox 682 1854 807 1920; x_wconf 82' lang='lat' dir='ltr'>fercula</span> <span class='ocrx_word' id='word_1_125' title='bbox 830 1856 959 1935; x_wconf 79' lang='lat' dir='ltr'>cuncta3</span> 
     </span>
    </p>

    <p class='ocr_par' dir='ltr' id='par_1_14' title="bbox 90 1940 794 2024">
     <span class='ocr_line' id='line_1_20' title="bbox 90 1940 794 2024; baseline 0.001 -17"><span class='ocrx_word' id='word_1_126' title='bbox 90 1940 143 2007; x_wconf 83' lang='lat' dir='ltr'>Sic</span> <span class='ocrx_word' id='word_1_127' title='bbox 167 1943 195 2007; x_wconf 87' lang='lat' dir='ltr'>si</span> <span class='ocrx_word' id='word_1_128' title='bbox 218 1944 289 2007; x_wconf 86' lang='lat' dir='ltr'>sola</span> <span class='ocrx_word' id='word_1_129' title='bbox 311 1942 373 2008; x_wconf 79' lang='lat' dir='ltr'>tibi</span> <span class='ocrx_word' id='word_1_130' title='bbox 397 1943 481 2008; x_wconf 77' lang='lat' dir='ltr'><strong>desit</strong></span> <span class='ocrx_word' id='word_1_131' title='bbox 503 1943 634 2009; x_wconf 78' lang='lat' dir='ltr'>dilectio</span> <span class='ocrx_word' id='word_1_132' title='bbox 658 1942 794 2024; x_wconf 79' lang='lat' dir='ltr'>Christi,</span> 
     </span>
    </p>

    <p class='ocr_par' dir='ltr' id='par_1_15' title="bbox 91 2026 1058 2119">
     <span class='ocr_line' id='line_1_21' title="bbox 91 2026 1058 2119; baseline 0.001 -24"><span class='ocrx_word' id='word_1_133' title='bbox 91 2031 250 2116; x_wconf 81' lang='lat' dir='ltr'><strong>Quicquid</strong></span> <span class='ocrx_word' id='word_1_134' title='bbox 274 2032 358 2117; x_wconf 81' lang='lat' dir='ltr'><strong>agis,</strong></span> <span class='ocrx_word' id='word_1_135' title='bbox 380 2032 481 2096; x_wconf 90' lang='lat' dir='ltr'><strong>nichil</strong></span> <span class='ocrx_word' id='word_1_136' title='bbox 505 2035 568 2113; x_wconf 78' lang='lat' dir='ltr'>est,</span> <span class='ocrx_word' id='word_1_137' title='bbox 591 2033 694 2098; x_wconf 77' lang='lat' dir='ltr'><strong>virius</strong></span> <span class='ocrx_word' id='word_1_138' title='bbox 718 2031 851 2119; x_wconf 77' lang='lat' dir='ltr'>prodest</span> <span class='ocrx_word' id='word_1_139' title='bbox 873 2026 936 2096; x_wconf 76' lang='lat' dir='ltr'>tibi</span> <span class='ocrx_word' id='word_1_140' title='bbox 957 2031 1058 2096; x_wconf 83' lang='lat' dir='ltr'>nulla.</span> 
     </span>
    </p>
   </div>
   <div class='ocr_carea' id='block_1_3' title="bbox 491 2264 705 2272">
    <p class='ocr_par' dir='ltr' id='par_1_16' title="bbox 491 2264 705 2272">
     <span class='ocr_line' id='line_1_22' title="bbox 491 2264 705 2272; baseline 0.005 -1"><span class='ocrx_word' id='word_1_141' title='bbox 491 2264 705 2272; x_wconf 77' lang='lat'>——-—</span> 
     </span>
    </p>
   </div>
   <div class='ocr_carea' id='block_1_4' title="bbox 198 2435 996 2535">
    <p class='ocr_par' dir='ltr' id='par_1_17' title="bbox 198 2435 996 2535">
     <span class='ocr_line' id='line_1_23' title="bbox 198 2435 996 2535; baseline 0 -16"><span class='ocrx_word' id='word_1_142' title='bbox 198 2462 348 2534; x_wconf 76' lang='lat' dir='ltr'>Explicit</span> <span class='ocrx_word' id='word_1_143' title='bbox 369 2463 458 2521; x_wconf 84' lang='lat' dir='ltr'>liber</span> <span class='ocrx_word' id='word_1_144' title='bbox 479 2463 620 2534; x_wconf 79' lang='lat' dir='ltr'>primus.</span> <span class='ocrx_word' id='word_1_145' title='bbox 666 2435 791 2535; x_wconf 77' lang='lat' dir='ltr'>Incipit</span> <span class='ocrx_word' id='word_1_146' title='bbox 812 2464 996 2521; x_wconf 75' lang='lat' dir='ltr'>secundus.</span> 
     </span>
    </p>
   </div>
   <div class='ocr_carea' id='block_1_5' title="bbox 145 2592 1055 2721">
    <p class='ocr_par' dir='ltr' id='par_1_18' title="bbox 145 2592 1055 2721">
     <span class='ocr_line' id='line_1_24' title="bbox 145 2592 1055 2721; baseline 0 -74"><span class='ocrx_word' id='word_1_147' title='bbox 145 2594 187 2663; x_wconf 87' lang='grc' dir='ltr'>(Ι.)</span> <span class='ocrx_word' id='word_1_148' title='bbox 205 2592 245 2649; x_wconf 86' lang='lat' dir='ltr'>De</span> <span class='ocrx_word' id='word_1_149' title='bbox 263 2605 295 2649; x_wconf 88' lang='grc'>55</span> <span class='ocrx_word' id='word_1_150' title='bbox 315 2593 388 2662; x_wconf 82' lang='lat' dir='ltr'><strong>quod</strong></span> <span class='ocrx_word' id='word_1_151' title='bbox 405 2593 689 2721; x_wconf 49' lang='lat' dir='ltr'>incamppipmppppppi</span> <span class='ocrx_word' id='word_1_152' title='bbox 707 2592 837 2662; x_wconf 75' lang='lat' dir='ltr'>pronora</span> <span class='ocrx_word' id='word_1_153' title='bbox 856 2592 896 2648; x_wconf 82' lang='lat' dir='ltr'>sit</span> <span class='ocrx_word' id='word_1_154' title='bbox 914 2593 944 2649; x_wconf 90' lang='lat' dir='ltr'>in</span> <span class='ocrx_word' id='word_1_155' title='bbox 961 2592 1055 2667; x_wconf 70' lang='lat' dir='ltr'>veteri</span> 
     </span>
    </p>
   </div>
   <div class='ocr_carea' id='block_1_6' title="bbox 91 2771 1041 3038">
    <p class='ocr_par' dir='ltr' id='par_1_19' title="bbox 91 2771 1041 3038">
     <span class='ocr_line' id='line_1_25' title="bbox 91 2771 1041 2860; baseline 0.001 -23"><span class='ocrx_word' id='word_1_156' title='bbox 91 2772 202 2856; x_wconf 87' lang='lat' dir='ltr'>Incipe</span> <span class='ocrx_word' id='word_1_157' title='bbox 226 2795 336 2839; x_wconf 80' lang='lat' dir='ltr'>amere</span> <span class='ocrx_word' id='word_1_158' title='bbox 359 2775 468 2860; x_wconf 88' lang='lat' dir='ltr'><strong>deum,</strong></span> <span class='ocrx_word' id='word_1_159' title='bbox 490 2773 571 2858; x_wconf 62' lang='lat' dir='ltr'>que</span> <span class='ocrx_word' id='word_1_160' title='bbox 595 2775 694 2858; x_wconf 79' lang='lat' dir='ltr'>stirps</span> <span class='ocrx_word' id='word_1_161' title='bbox 718 2771 810 2840; x_wconf 79' lang='lat' dir='ltr'>dura!</span> <span class='ocrx_word' id='word_1_162' title='bbox 857 2773 942 2852; x_wconf 76' lang='lat' dir='ltr'><strong>Quid</strong></span> <span class='ocrx_word' id='word_1_163' title='bbox 965 2796 985 2838; x_wconf 90' lang='grc'>5</span> <span class='ocrx_word' id='word_1_164' title='bbox 1007 2777 1041 2839; x_wconf 78' lang='lat' dir='ltr'>te</span> 
     </span>
     <span class='ocr_line' id='line_1_26' title="bbox 92 2859 1008 2949; baseline 0.001 -24"><span class='ocrx_word' id='word_1_165' title='bbox 92 2859 295 2944; x_wconf 71' lang='lat' dir='ltr'><strong>Prognaium</strong></span> <span class='ocrx_word' id='word_1_166' title='bbox 318 2863 440 2947; x_wconf 83' lang='lat' dir='ltr'>refugis</span> <span class='ocrx_word' id='word_1_167' title='bbox 464 2863 632 2927; x_wconf 83' lang='lat' dir='ltr'>venerari?</span> <span class='ocrx_word' id='word_1_168' title='bbox 657 2863 777 2949; x_wconf 87' lang='lat' dir='ltr'>quippe</span> <span class='ocrx_word' id='word_1_169' title='bbox 800 2863 1008 2948; x_wconf 72' lang='lat' dir='ltr'>prophetam,</span> 
     </span>
     <span class='ocr_line' id='line_1_27' title="bbox 93 2947 856 3038; baseline 0.007 -26"><span class='ocrx_word' id='word_1_170' title='bbox 93 2947 154 3024; x_wconf 80' lang='lat' dir='ltr'>Qui</span> <span class='ocrx_word' id='word_1_171' title='bbox 179 2951 218 3013; x_wconf 91' lang='lat' dir='ltr'>de</span> <span class='ocrx_word' id='word_1_172' title='bbox 241 2955 337 3035; x_wconf 76' lang='lat' dir='ltr'>gente</span> <span class='ocrx_word' id='word_1_173' title='bbox 360 2954 417 3015; x_wconf 72' lang='lat' dir='ltr'>tua</span> <span class='ocrx_word' id='word_1_174' title='bbox 441 2951 595 3037; x_wconf 75' lang='lat' dir='ltr'>surrexit,</span> <span class='ocrx_word' id='word_1_175' title='bbox 617 2952 666 3015; x_wconf 80' lang='lat' dir='ltr'>uri</span> <span class='ocrx_word' id='word_1_176' title='bbox 688 2952 749 3016; x_wconf 81' lang='lat' dir='ltr'>tibi</span> <span class='ocrx_word' id='word_1_177' title='bbox 772 2952 856 3038; x_wconf 82' lang='lat' dir='ltr'><strong>legis</strong></span> 
     </span>
    </p>
   </div>
   <div class='ocr_carea' id='block_1_7' title="bbox 164 3161 1107 3232">
    <p class='ocr_par' dir='ltr' id='par_1_20' title="bbox 164 3161 1107 3232">
     <span class='ocr_line' id='line_1_28' title="bbox 164 3161 1107 3232; baseline -0.001 -20"><span class='ocrx_word' id='word_1_178' title='bbox 164 3163 216 3213; x_wconf 83' lang='grc'>559</span> <span class='ocrx_word' id='word_1_179' title='bbox 242 3175 265 3215; x_wconf 84' lang='grc'>5.</span> <span class='ocrx_word' id='word_1_180' title='bbox 288 3161 375 3215; x_wconf 82' lang='lat' dir='ltr'>colum</span> <span class='ocrx_word' id='word_1_181' title='bbox 482 3165 533 3216; x_wconf 75' lang='lat'>562</span> <span class='ocrx_word' id='word_1_182' title='bbox 557 3161 656 3232; x_wconf 81' lang='lat' dir='ltr'>vicere]</span> <span class='ocrx_word' id='word_1_183' title='bbox 680 3161 709 3216; x_wconf 76' lang='lat' dir='ltr'>vi</span> <span class='ocrx_word' id='word_1_184' title='bbox 731 3161 761 3216; x_wconf 91' lang='lat' dir='ltr'>in</span> <span class='ocrx_word' id='word_1_185' title='bbox 786 3179 854 3230; x_wconf 78' lang='grc'>155,</span> <span class='ocrx_word' id='word_1_186' title='bbox 878 3161 943 3215; x_wconf 77' lang='lat' dir='ltr'>unte</span> <span class='ocrx_word' id='word_1_187' title='bbox 966 3174 1014 3214; x_wconf 84' lang='grc'>55</span> <span class='ocrx_word' id='word_1_188' title='bbox 1037 3173 1107 3212; x_wconf 83' lang='grc'>5155.</span> 
     </span>
    </p>
   </div>
   <div class='ocr_carea' id='block_1_8' title="bbox 92 3251 1106 3426">
    <p class='ocr_par' dir='ltr' id='par_1_21' title="bbox 92 3251 1106 3426">
     <span class='ocr_line' id='line_1_29' title="bbox 93 3251 1106 3343; baseline -0.006 -4"><span class='ocrx_word' id='word_1_189' title='bbox 93 3289 144 3339; x_wconf 86' lang='grc'>555</span> <span class='ocrx_word' id='word_1_190' title='bbox 169 3299 191 3339; x_wconf 81' lang='lat'>0.</span> <span class='ocrx_word' id='word_1_191' title='bbox 216 3251 289 3339; x_wconf 70' lang='lat' dir='ltr'>eruci</span> <span class='ocrx_word' id='word_1_192' title='bbox 301 3299 336 3337; x_wconf 80' lang='lat' dir='ltr'>an</span> <span class='ocrx_word' id='word_1_193' title='bbox 355 3284 473 3340; x_wconf 73' lang='grc'>5555551</span> <span class='ocrx_word' id='word_1_194' title='bbox 533 3291 585 3340; x_wconf 79' lang='lat' dir='ltr'>erc</span> <span class='ocrx_word' id='word_1_195' title='bbox 598 3286 651 3340; x_wconf 76' lang='grc'>555</span> <span class='ocrx_word' id='word_1_196' title='bbox 663 3289 783 3341; x_wconf 77' lang='lat' dir='ltr'>torretur</span> <span class='ocrx_word' id='word_1_197' title='bbox 796 3283 826 3338; x_wconf 82' lang='lat' dir='ltr'>in</span> <span class='ocrx_word' id='word_1_198' title='bbox 838 3300 894 3343; x_wconf 73' lang='grc'>555.</span> <span class='ocrx_word' id='word_1_199' title='bbox 958 3281 1106 3337; x_wconf 79' lang='grc'>1-1551,</span> 
     </span>
     <span class='ocr_line' id='line_1_30' title="bbox 92 3354 931 3426; baseline -0.001 -17"><span class='ocrx_word' id='word_1_200' title='bbox 92 3354 236 3424; x_wconf 72' lang='lat' dir='ltr'>Biidinger</span> <span class='ocrx_word' id='word_1_201' title='bbox 255 3354 274 3411; x_wconf 93' lang='lat' dir='ltr'>l.</span> <span class='ocrx_word' id='word_1_202' title='bbox 293 3355 314 3412; x_wconf 89' lang='lat' dir='ltr'>l.</span> <span class='ocrx_word' id='word_1_203' title='bbox 331 3372 358 3424; x_wconf 89' lang='lat' dir='ltr'>p.</span> <span class='ocrx_word' id='word_1_204' title='bbox 378 3361 411 3410; x_wconf 84' lang='grc'>33</span> <span class='ocrx_word' id='word_1_205' title='bbox 422 3373 462 3424; x_wconf 82' lang='lat' dir='ltr'>sq.</span> <span class='ocrx_word' id='word_1_206' title='bbox 523 3361 538 3409; x_wconf 95' lang='lat'>1</span> <span class='ocrx_word' id='word_1_207' title='bbox 559 3373 582 3412; x_wconf 91' lang='lat' dir='ltr'>c.</span> <span class='ocrx_word' id='word_1_208' title='bbox 600 3358 685 3426; x_wconf 71' lang='lat' dir='ltr'>strepa</span> <span class='ocrx_word' id='word_1_209' title='bbox 744 3362 759 3410; x_wconf 87' lang='lat'><strong>3</strong></span> <span class='ocrx_word' id='word_1_210' title='bbox 780 3372 802 3410; x_wconf 93' lang='lat' dir='ltr'>c.</span> <span class='ocrx_word' id='word_1_211' title='bbox 822 3356 931 3426; x_wconf 73' lang='lat' dir='ltr'>depecta</span> 
     </span>
    </p>
   </div>
   <div class='ocr_carea' id='block_1_9' title="bbox 165 3550 666 3623">
    <p class='ocr_par' dir='ltr' id='par_1_22' title="bbox 165 3550 666 3623">
     <span class='ocr_line' id='line_1_31' title="bbox 165 3550 666 3623; baseline 0 -19"><span class='ocrx_word' id='word_1_212' title='bbox 165 3553 192 3621; x_wconf 86' lang='lat'>1)</span> <span class='ocrx_word' id='word_1_213' title='bbox 212 3551 272 3608; x_wconf 81' lang='grc'>155.</span> <span class='ocrx_word' id='word_1_214' title='bbox 292 3558 317 3621; x_wconf 87' lang='grc'>5,</span> <span class='ocrx_word' id='word_1_215' title='bbox 336 3556 379 3607; x_wconf 81' lang='grc'>45.</span> <span class='ocrx_word' id='word_1_216' title='bbox 451 3552 480 3620; x_wconf 84' lang='grc'>5)</span> <span class='ocrx_word' id='word_1_217' title='bbox 498 3550 558 3606; x_wconf 83' lang='grc'>151.</span> <span class='ocrx_word' id='word_1_218' title='bbox 578 3557 603 3623; x_wconf 83' lang='grc'>5,</span> <span class='ocrx_word' id='word_1_219' title='bbox 623 3556 666 3605; x_wconf 90' lang='grc'>51.</span> 
     </span>
    </p>
   </div>
   <div class='ocr_carea' id='block_1_10' title="bbox 0 0 1247 3826">
    <p class='ocr_par' dir='ltr' id='par_1_23' title="bbox 0 0 1247 3826">
     <span class='ocr_line' id='line_1_32' title="bbox 0 0 1247 3826; baseline 0 0"><span class='ocrx_word' id='word_1_220' title='bbox 0 0 1247 3826; x_wconf 95' lang='lat' dir='ltr'> </span> 
     </span>
    </p>
   </div>
  </div>
 </body>
</html>
