2468 3826
137 116 180 182 70
269 94 273 101 ’
505 113 612 169 suxm
629 113 784 170 sunnon

84 298 123 338 715
138 277 173 344 Si
196 278 318 343 vellent
341 277 469 362 penitus
494 277 636 363 genialia
659 277 746 342 culta
768 275 900 342 vetare?

137 368 227 431 Tunc
250 367 348 430 etiam
372 367 476 431 sancti
500 367 647 432 doctores
671 367 766 450 signa
790 362 980 451 stupenda¹)

135 455 261 520 Fecere.
307 454 353 521 Ut
376 460 500 520 taceam
525 454 563 520 de
587 454 702 520 claudo
727 458 759 519 et
781 450 976 540 Dorcade2),
1001 460 1126 522 sanant

135 543 242 628 Egros
266 544 366 609 verba
388 544 485 609 Petri.
533 542 612 620 Quis
635 565 721 607 nunc
745 543 843 608 etiam
866 563 960 626 prece
984 548 1082 609 curat

135 632 361 718 Languentem
386 632 602 718 quemquam?
640 630 705 695 Cur
727 654 793 697 non
816 632 898 695 liunt
916 632 1013 697 modo
1034 634 1159 719 signa?

83 741 122 781 rso
136 720 257 786 Annon
281 726 357 787 sunt
379 722 437 785 ulli
462 722 620 787 virtutum
644 722 781 784 stemate
804 723 917 784 nostro

136 810 295 894 Tempore
318 810 502 894 pollentes?
549 808 633 874 Sane
658 813 747 893 sunt,
771 810 827 873 sed
851 809 926 892 quia
948 809 1042 874 radix

135 899 205 965 Iam
229 898 317 984 viget
341 901 474 982 ecclesie
496 898 617 964 multos
641 902 795 981 vegetata
818 920 874 982 per
898 919 1014 976 annos,

136 986 211 1054 Non
235 1010 315 1072 opus
339 993 390 1053 eet
413 987 516 1073 signis
540 991 598 1053 aut
620 986 727 1051 verbis
752 986 915 1051 suavibus.
960 985 1035 1071 Ipse

136 1075 330 1142 Credentum
354 1078 493 1161 populus
517 1076 673 1142 viciorum
696 1075 796 1141 fortia
818 1075 886 1139 tela

82 1181 121 1221 ⁷2⁵
135 1164 332 1249 Perpetitur,
356 1169 467 1229 tamen
491 1165 622 1230 obsistit
644 1185 703 1228 nec
727 1163 872 1229 subiacet
895 1163 973 1228 illis:

135 1251 232 1316 Ferre
256 1274 377 1317 annosa
401 1253 490 1317 abies
514 1252 641 1335 pluvios
664 1274 730 1316 non
754 1253 870 1316 abnuit
893 1255 1029 1318 austros.

134 1341 226 1424 Ergo
249 1343 334 1405 lacte
357 1342 420 1406 fuit
443 1345 626 1406 tenerorum
650 1362 740 1406 more
763 1340 899 1426 riganda

134 1429 283 1516 Ecclesia
305 1429 481 1514 infantum,
505 1451 568 1515 quo
591 1429 677 1514 cepit
699 1434 846 1511 tempore
869 1430 971 1513 nasci,

134 1517 180 1583 Et
203 1519 329 1584 blandis
353 1520 485 1586 monitis
509 1540 567 1585 ceu
589 1518 681 1583 molli
704 1520 792 1602 pulte
816 1518 963 1584 cibanda.

82 1624 122 1664 ⁷³⁰
137 1605 200 1672 Sed
223 1613 395 1693 postquam
419 1609 504 1691 cepit
526 1607 706 1673 validorum
729 1628 818 1671 more
842 1607 950 1671 videre

134 1695 315 1780 Tyronum‚
339 1698 442 1762 solida
465 1697 626 1779 pascenda
650 1696 722 1761 cibo
745 1696 820 1776 fuit,
843 1695 904 1759 hoc
927 1698 977 1759 est

133 1783 297 1868 Preceptis
321 1786 475 1868 gravibus
499 1785 673 1850 subdenda.
719 1785 763 1849 Et
786 1785 828 1849 oh
851 1784 914 1849 hoc
936 1786 1113 1851 venerandi

133 1871 235 1936 Rome
258 1874 439 1956 pontifices,
464 1874 527 1938 alio
552 1895 632 1957 quos
656 1874 785 1937 nomine
808 1874 926 1957 vulgus

133 1961 290 2044 Appellat
312 1984 425 2046 papas,
449 1962 643 2026 interdixere
666 1962 799 2026 maritas

81 2065 120 2106 ree
134 2048 342 2129 Presbiteris,
366 2055 403 2114 ut
426 2051 482 2135 qui
505 2050 638 2134 cupiunt
662 2052 849 2136 contingere
873 2050 976 2114 sancti

135 2135 233 2203 Sacra
257 2138 320 2222 dei,
344 2139 479 2203 mundos
504 2161 538 2204 se
562 2140 657 2204 corde
681 2143 713 2204 et
736 2159 870 2222 corpore
894 2144 1035 2224 servent,

134 2226 256 2292 Levitis
280 2228 380 2293 etiam
404 2229 557 2312 quoniam
581 2227 760 2312 funguntur
784 2232 817 2291 et
838 2227 903 2309 ipsi

133 2315 261 2381 Divinis
285 2319 384 2382 sacris
410 2318 681 2403 appellanturque
704 2317 856 2381 ministri.

133 2403 313 2470 Monachus
338 2429 357 2469 a
379 2407 506 2490 pompis
530 2406 702 2470 mundanis
727 2409 843 2488 sponte
866 2404 1013 2492 recessit3

80 2509 120 2548 ⁷40
135 2490 316 2576 Obiurgare
340 2495 432 2559 illum
455 2516 521 2558 non
545 2494 682 2558 multum
705 2493 846 2577 pertinet
870 2492 908 2557 ad
932 2515 983 2558 me

133 2577 202 2644 Nec
225 2583 328 2664 cupio.
374 2583 497 2647 Tamen
519 2582 582 2648 hoc
605 2584 790 2648 constanter
814 2581 884 2646 dico
908 2582 993 2666 quod
1016 2582 1071 2646 ille
1097 2589 1151 2651 est

132 2666 311 2733 Monachus
334 2671 455 2756 infelix,
479 2672 533 2756 qui
557 2692 621 2735 non
645 2671 717 2736 vult
740 2670 822 2734 scire
846 2670 922 2754 quid
945 2672 1008 2737 hoc
1031 2671 1076 2736 sit

132 2754 311 2821 Monachus
335 2762 367 2821 et
390 2763 499 2824 sancte
522 2760 659 2825 vivendo
683 2758 860 2825 monachus
884 2781 963 2825 esse.

132 2843 231 2910 Velat
255 2867 327 2909 eum
350 2849 451 2911 vestis
475 2848 564 2930 pullo
588 2849 715 2914 fuscata
738 2848 859 2928 colore,

79 2950 118 2991 74⁵
132 2932 180 2999 Ut
202 2933 420 3017 despectibilis
444 2935 565 3000 mundo
589 2937 736 3002 videatur
759 2937 925 3021 inopsque.

203 3203 255 3253 726
275 3216 297 3254 e.
318 3152 425 3254 edition
444 3214 582 3269 superser.
602 3198 631 3252 et
650 3214 720 3253 eras.
774 3202 825 3252 ⁷27
846 3198 914 3254 lactc
932 3197 962 3251 in
980 3215 1033 3253 ras.
1050 3213 1102 3253 scr.
1117 3198 1149 3253 M

134 3272 185 3324 740
204 3286 227 3324 e.
250 3269 289 3325 Ob
307 3271 420 3342 torpore
493 3274 543 3324 '142
564 3285 587 3322 e.
605 3269 637 3322 in
654 3270 724 3336 felic

204 3485 230 3550 1)
250 3482 284 3538 cf.
304 3482 444 3539 Aldhelm.
463 3481 538 3537 laud.
557 3482 627 3550 virg.
648 3486 707 3537 797.
781 3484 807 3550 2)
826 3481 898 3537 Aeta
916 3499 961 3550 ap.
980 3486 1005 3551 9,
1025 3488 1059 3537 36
1070 3500 1111 3551 sq.
