<?xml version="1.0" encoding="UTF-8"?>
<!DOCTYPE html PUBLIC "-//W3C//DTD XHTML 1.0 Transitional//EN"
    "http://www.w3.org/TR/xhtml1/DTD/xhtml1-transitional.dtd">
<html xmlns="http://www.w3.org/1999/xhtml" xml:lang="en" lang="en">
 <head>
  <title>
</title>
<meta http-equiv="Content-Type" content="text/html;charset=utf-8" />
  <meta name='ocr-system' content='tesseract 3.04.00' />
  <meta name='ocr-capabilities' content='ocr_page ocr_carea ocr_par ocr_line ocrx_word'/>
</head>
<body>
  <div class='ocr_page' id='page_1' title='image "./sextiamarciigal00manigoog_0015.png"; bbox 0 0 2468 3826; ppageno 0'>
   <div class='ocr_carea' id='block_1_1' title="bbox 88 139 704 209">
    <p class='ocr_par' dir='ltr' id='par_1_1' title="bbox 88 139 704 209">
     <span class='ocr_line' id='line_1_1' title="bbox 88 139 704 209; baseline 0.011 -19"><span class='ocrx_word' id='word_1_1' title='bbox 88 155 114 209; x_wconf 68' lang='lat' dir='ltr'>X</span> <span class='ocrx_word' id='word_1_2' title='bbox 488 139 704 197; x_wconf 68' lang='lat' dir='ltr'>recurrero.</span> 
     </span>
    </p>
   </div>
   <div class='ocr_carea' id='block_1_2' title="bbox 83 302 1103 2868">
    <p class='ocr_par' dir='ltr' id='par_1_2' title="bbox 85 302 1103 1898">
     <span class='ocr_line' id='line_1_2' title="bbox 86 302 1103 388; baseline 0.001 -19"><span class='ocrx_word' id='word_1_3' title='bbox 86 325 166 388; x_wconf 92' lang='lat' dir='ltr'>quos</span> <span class='ocrx_word' id='word_1_4' title='bbox 186 305 305 370; x_wconf 89' lang='lat' dir='ltr'>eiectos</span> <span class='ocrx_word' id='word_1_5' title='bbox 323 303 387 369; x_wconf 92' lang='lat' dir='ltr'>huc</span> <span class='ocrx_word' id='word_1_6' title='bbox 408 305 481 370; x_wconf 81' lang='lat' dir='ltr'>dira</span> <span class='ocrx_word' id='word_1_7' title='bbox 500 302 681 371; x_wconf 84' lang='lat' dir='ltr'>Sicambria</span> <span class='ocrx_word' id='word_1_8' title='bbox 700 303 830 388; x_wconf 88' lang='lat' dir='ltr'>mittit&#39;‚</span> <span class='ocrx_word' id='word_1_9' title='bbox 849 305 963 388; x_wconf 86' lang='lat' dir='ltr'>patriis</span> <span class='ocrx_word' id='word_1_10' title='bbox 982 305 1103 370; x_wconf 88' lang='lat' dir='ltr'><strong>finibus</strong></span> 
     </span>
     <span class='ocr_line' id='line_1_3' title="bbox 85 391 1103 480; baseline -0.001 -22"><span class='ocrx_word' id='word_1_11' title='bbox 85 393 207 458; x_wconf 87' lang='lat' dir='ltr'>extorri</span> <span class='ocrx_word' id='word_1_12' title='bbox 240 391 457 478; x_wconf 81' lang='lat' dir='ltr'>Francogallo</span> <span class='ocrx_word' id='word_1_13' title='bbox 496 393 622 459; x_wconf 92' lang='lat' dir='ltr'>cuidam</span> <span class='ocrx_word' id='word_1_14' title='bbox 659 394 710 459; x_wconf 87' lang='lat' dir='ltr'>vel</span> <span class='ocrx_word' id='word_1_15' title='bbox 749 392 973 478; x_wconf 80' lang='lat' dir='ltr'>Burgundioni</span> <span class='ocrx_word' id='word_1_16' title='bbox 981 391 1006 480; x_wconf 81' lang='lat'>¹)</span> <span class='ocrx_word' id='word_1_17' title='bbox 1039 393 1103 459; x_wconf 91' lang='lat' dir='ltr'>dici</span> 
     </span>
     <span class='ocr_line' id='line_1_4' title="bbox 85 480 1103 566; baseline 0.002 -21"><span class='ocrx_word' id='word_1_18' title='bbox 85 484 261 566; x_wconf 90' lang='lat' dir='ltr'>potuerunt</span> <span class='ocrx_word' id='word_1_19' title='bbox 294 482 419 565; x_wconf 76' lang='lat' dir='ltr'>patriae</span> <span class='ocrx_word' id='word_1_20' title='bbox 452 483 610 566; x_wconf 80' lang='lat' dir='ltr'>pristinae</span> <span class='ocrx_word' id='word_1_21' title='bbox 641 483 734 548; x_wconf 88' lang='lat' dir='ltr'>irato.</span> <span class='ocrx_word' id='word_1_22' title='bbox 790 480 914 557; x_wconf 78' lang='lat' dir='ltr'>Quibus</span> <span class='ocrx_word' id='word_1_23' title='bbox 953 483 1103 548; x_wconf 87' lang='lat' dir='ltr'>convenit</span> 
     </span>
     <span class='ocr_line' id='line_1_5' title="bbox 85 569 1103 655; baseline 0.001 -20"><span class='ocrx_word' id='word_1_24' title='bbox 85 570 171 655; x_wconf 89' lang='lat' dir='ltr'>quod</span> <span class='ocrx_word' id='word_1_25' title='bbox 199 569 369 635; x_wconf 82' lang='lat' dir='ltr'>Amarcius</span> <span class='ocrx_word' id='word_1_26' title='bbox 399 570 546 655; x_wconf 88' lang='lat' dir='ltr'>pluribus</span> <span class='ocrx_word' id='word_1_27' title='bbox 574 571 654 636; x_wconf 91' lang='lat' dir='ltr'>locis</span> <span class='ocrx_word' id='word_1_28' title='bbox 685 572 732 635; x_wconf 89' lang='lat' dir='ltr'>ita</span> <span class='ocrx_word' id='word_1_29' title='bbox 759 571 903 654; x_wconf 88' lang='lat' dir='ltr'>loquitur</span> <span class='ocrx_word' id='word_1_30' title='bbox 931 575 968 634; x_wconf 90' lang='lat' dir='ltr'>ut</span> <span class='ocrx_word' id='word_1_31' title='bbox 994 571 1103 654; x_wconf 89' lang='lat' dir='ltr'>priore</span> 
     </span>
     <span class='ocr_line' id='line_1_6' title="bbox 85 658 1102 744; baseline 0.002 -21"><span class='ocrx_word' id='word_1_32' title='bbox 85 661 231 743; x_wconf 91' lang='lat' dir='ltr'>tempore</span> <span class='ocrx_word' id='word_1_33' title='bbox 251 658 384 724; x_wconf 85' lang='lat' dir='ltr'>divitem</span> <span class='ocrx_word' id='word_1_34' title='bbox 403 680 476 724; x_wconf 86' lang='lat' dir='ltr'>sum</span> <span class='ocrx_word' id='word_1_35' title='bbox 496 664 593 744; x_wconf 89' lang='lat' dir='ltr'>atque</span> <span class='ocrx_word' id='word_1_36' title='bbox 614 660 804 742; x_wconf 86' lang='lat' dir='ltr'>opulentum</span> <span class='ocrx_word' id='word_1_37' title='bbox 826 659 926 724; x_wconf 88' lang='lat' dir='ltr'>fuisse</span> <span class='ocrx_word' id='word_1_38' title='bbox 950 659 1102 739; x_wconf 86' lang='lat' dir='ltr'>conicias,</span> 
     </span>
     <span class='ocr_line' id='line_1_7' title="bbox 86 744 1102 834; baseline -0.001 -21"><span class='ocrx_word' id='word_1_39' title='bbox 86 747 172 832; x_wconf 90' lang='lat' dir='ltr'>quod</span> <span class='ocrx_word' id='word_1_40' title='bbox 200 747 266 812; x_wconf 90' lang='lat' dir='ltr'>iam</span> <span class='ocrx_word' id='word_1_41' title='bbox 293 746 459 833; x_wconf 80' lang='lat' dir='ltr'>Bildinger</span> <span class='ocrx_word' id='word_1_42' title='bbox 487 744 654 834; x_wconf 75' lang='lat' dir='ltr'>monuit.²)</span> <span class='ocrx_word' id='word_1_43' title='bbox 705 746 876 813; x_wconf 82' lang='lat' dir='ltr'>Amarcius</span> <span class='ocrx_word' id='word_1_44' title='bbox 906 746 991 811; x_wconf 88' lang='lat' dir='ltr'>enim</span> <span class='ocrx_word' id='word_1_45' title='bbox 1020 749 1102 831; x_wconf 90' lang='lat' dir='ltr'>peri·</span> 
     </span>
     <span class='ocr_line' id='line_1_8' title="bbox 85 836 1103 921; baseline 0.002 -21"><span class='ocrx_word' id='word_1_46' title='bbox 85 837 232 902; x_wconf 79' lang='lat' dir='ltr'>tissimus</span> <span class='ocrx_word' id='word_1_47' title='bbox 270 840 320 902; x_wconf 88' lang='lat' dir='ltr'>est</span> <span class='ocrx_word' id='word_1_48' title='bbox 356 857 483 901; x_wconf 92' lang='lat' dir='ltr'>morum</span> <span class='ocrx_word' id='word_1_49' title='bbox 520 836 704 901; x_wconf 78' lang='lat' dir='ltr'>nobilitatis</span> <span class='ocrx_word' id='word_1_50' title='bbox 739 837 871 921; x_wconf 90' lang='lat' dir='ltr'>eiusque</span> <span class='ocrx_word' id='word_1_51' title='bbox 903 836 1036 921; x_wconf 83' lang='lat' dir='ltr'>negotia</span> <span class='ocrx_word' id='word_1_52' title='bbox 1070 843 1103 902; x_wconf 88' lang='lat' dir='ltr'>et</span> 
     </span>
     <span class='ocr_line' id='line_1_9' title="bbox 85 924 1103 1009; baseline 0.001 -20"><span class='ocrx_word' id='word_1_53' title='bbox 85 925 210 990; x_wconf 90' lang='lat' dir='ltr'>ludicra</span> <span class='ocrx_word' id='word_1_54' title='bbox 233 928 382 991; x_wconf 88' lang='lat' dir='ltr'>accurate</span> <span class='ocrx_word' id='word_1_55' title='bbox 405 925 559 990; x_wconf 79' lang='lat' dir='ltr'>describit</span> <span class='ocrx_word' id='word_1_56' title='bbox 582 929 615 990; x_wconf 89' lang='lat' dir='ltr'>et</span> <span class='ocrx_word' id='word_1_57' title='bbox 639 924 774 990; x_wconf 82' lang='lat' dir='ltr'>divitum</span> <span class='ocrx_word' id='word_1_58' title='bbox 797 925 1019 1009; x_wconf 88' lang='lat' dir='ltr'>nobiliumque</span> <span class='ocrx_word' id='word_1_59' title='bbox 1043 925 1103 990; x_wconf 92' lang='lat' dir='ltr'>ho·</span> 
     </span>
     <span class='ocr_line' id='line_1_10' title="bbox 85 1013 1103 1099; baseline 0 -21"><span class='ocrx_word' id='word_1_60' title='bbox 85 1014 209 1079; x_wconf 93' lang='lat' dir='ltr'>minum</span> <span class='ocrx_word' id='word_1_61' title='bbox 239 1015 349 1098; x_wconf 83' lang='lat' dir='ltr'>epulas</span> <span class='ocrx_word' id='word_1_62' title='bbox 378 1018 475 1099; x_wconf 88' lang='lat' dir='ltr'>atque</span> <span class='ocrx_word' id='word_1_63' title='bbox 503 1014 653 1080; x_wconf 87' lang='lat' dir='ltr'>convivia</span> <span class='ocrx_word' id='word_1_64' title='bbox 681 1015 837 1098; x_wconf 85' lang='lat' dir='ltr'>depingit</span> <span class='ocrx_word' id='word_1_65' title='bbox 883 1013 956 1079; x_wconf 91' lang='lat' dir='ltr'>Huc</span> <span class='ocrx_word' id='word_1_66' title='bbox 980 1013 1103 1078; x_wconf 90' lang='lat' dir='ltr'>accedit</span> 
     </span>
     <span class='ocr_line' id='line_1_11' title="bbox 86 1102 1103 1186; baseline -0.001 -20"><span class='ocrx_word' id='word_1_67' title='bbox 86 1102 172 1186; x_wconf 91' lang='lat' dir='ltr'>quod</span> <span class='ocrx_word' id='word_1_68' title='bbox 196 1102 303 1185; x_wconf 89' lang='lat' dir='ltr'>inopis</span> <span class='ocrx_word' id='word_1_69' title='bbox 328 1102 523 1168; x_wconf 89' lang='lat' dir='ltr'>conditionis</span> <span class='ocrx_word' id='word_1_70' title='bbox 546 1103 695 1168; x_wconf 87' lang='lat' dir='ltr'>homines</span> <span class='ocrx_word' id='word_1_71' title='bbox 719 1102 870 1168; x_wconf 88' lang='lat' dir='ltr'>hortatur</span> <span class='ocrx_word' id='word_1_72' title='bbox 900 1106 937 1168; x_wconf 94' lang='lat' dir='ltr'>ut</span> <span class='ocrx_word' id='word_1_73' title='bbox 959 1102 1103 1168; x_wconf 87' lang='lat' dir='ltr'>contenti</span> 
     </span>
     <span class='ocr_line' id='line_1_12' title="bbox 87 1191 1103 1274; baseline 0.001 -20"><span class='ocrx_word' id='word_1_74' title='bbox 87 1191 153 1254; x_wconf 91' lang='lat' dir='ltr'>sint</span> <span class='ocrx_word' id='word_1_75' title='bbox 173 1211 313 1273; x_wconf 86' lang='lat' dir='ltr'>paupere</span> <span class='ocrx_word' id='word_1_76' title='bbox 333 1210 429 1255; x_wconf 87' lang='lat' dir='ltr'>censu</span> <span class='ocrx_word' id='word_1_77' title='bbox 448 1191 583 1274; x_wconf 89' lang='lat' dir='ltr'>locoque</span> <span class='ocrx_word' id='word_1_78' title='bbox 601 1191 719 1256; x_wconf 91' lang='lat' dir='ltr'>humili</span> <span class='ocrx_word' id='word_1_79' title='bbox 737 1212 818 1256; x_wconf 86' lang='lat' dir='ltr'>neve</span> <span class='ocrx_word' id='word_1_80' title='bbox 838 1192 963 1256; x_wconf 91' lang='lat' dir='ltr'>maiora</span> <span class='ocrx_word' id='word_1_81' title='bbox 981 1194 1103 1274; x_wconf 89' lang='lat' dir='ltr'>petant.</span> 
     </span>
     <span class='ocr_line' id='line_1_13' title="bbox 87 1276 1102 1362; baseline 0 -20"><span class='ocrx_word' id='word_1_82' title='bbox 87 1276 177 1353; x_wconf 82' lang='lat' dir='ltr'>Quae</span> <span class='ocrx_word' id='word_1_83' title='bbox 201 1298 274 1343; x_wconf 89' lang='lat' dir='ltr'>cum</span> <span class='ocrx_word' id='word_1_84' title='bbox 294 1278 342 1342; x_wconf 89' lang='lat' dir='ltr'>ita</span> <span class='ocrx_word' id='word_1_85' title='bbox 361 1278 430 1343; x_wconf 88' lang='lat' dir='ltr'>sint</span> <span class='ocrx_word' id='word_1_86' title='bbox 449 1279 635 1344; x_wconf 89' lang='lat' dir='ltr'>Amarcium</span> <span class='ocrx_word' id='word_1_87' title='bbox 655 1279 762 1362; x_wconf 88' lang='lat' dir='ltr'>patria</span> <span class='ocrx_word' id='word_1_88' title='bbox 780 1279 950 1362; x_wconf 85' lang='lat' dir='ltr'>expulsum</span> <span class='ocrx_word' id='word_1_89' title='bbox 968 1278 1003 1342; x_wconf 93' lang='lat' dir='ltr'>in</span> <span class='ocrx_word' id='word_1_90' title='bbox 1023 1277 1102 1343; x_wconf 80' lang='lat' dir='ltr'>Ger-</span> 
     </span>
     <span class='ocr_line' id='line_1_14' title="bbox 86 1365 1102 1450; baseline 0 -20"><span class='ocrx_word' id='word_1_91' title='bbox 86 1366 231 1430; x_wconf 85' lang='lat' dir='ltr'>maniam</span> <span class='ocrx_word' id='word_1_92' title='bbox 254 1367 381 1432; x_wconf 79' lang='lat' dir='ltr'>venisse</span> <span class='ocrx_word' id='word_1_93' title='bbox 404 1367 636 1433; x_wconf 80' lang='lat' dir='ltr'>contendimus.</span> <span class='ocrx_word' id='word_1_94' title='bbox 677 1365 756 1431; x_wconf 88' lang='lat' dir='ltr'>Veri</span> <span class='ocrx_word' id='word_1_95' title='bbox 777 1367 884 1431; x_wconf 88' lang='lat' dir='ltr'>simile</span> <span class='ocrx_word' id='word_1_96' title='bbox 903 1371 953 1431; x_wconf 88' lang='lat' dir='ltr'>est</span> <span class='ocrx_word' id='word_1_97' title='bbox 971 1371 1102 1450; x_wconf 89' lang='lat' dir='ltr'>poetam</span> 
     </span>
     <span class='ocr_line' id='line_1_15' title="bbox 85 1454 1101 1540; baseline 0.002 -22"><span class='ocrx_word' id='word_1_98' title='bbox 85 1454 119 1518; x_wconf 90' lang='lat' dir='ltr'>in</span> <span class='ocrx_word' id='word_1_99' title='bbox 142 1456 248 1539; x_wconf 89' lang='lat' dir='ltr'>patria</span> <span class='ocrx_word' id='word_1_100' title='bbox 267 1456 516 1522; x_wconf 86' lang='lat' dir='ltr'>fortunatiorem</span> <span class='ocrx_word' id='word_1_101' title='bbox 534 1456 634 1522; x_wconf 88' lang='lat' dir='ltr'>fuisse</span> <span class='ocrx_word' id='word_1_102' title='bbox 653 1478 750 1539; x_wconf 90' lang='lat' dir='ltr'>quam</span> <span class='ocrx_word' id='word_1_103' title='bbox 769 1455 804 1519; x_wconf 92' lang='lat' dir='ltr'>in</span> <span class='ocrx_word' id='word_1_104' title='bbox 821 1455 1003 1540; x_wconf 82' lang='lat' dir='ltr'>peregrinis</span> <span class='ocrx_word' id='word_1_105' title='bbox 1022 1457 1101 1520; x_wconf 93' lang='lat' dir='ltr'>locis</span> 
     </span>
     <span class='ocr_line' id='line_1_16' title="bbox 86 1544 1102 1629; baseline -0.001 -20"><span class='ocrx_word' id='word_1_106' title='bbox 86 1565 222 1629; x_wconf 87' lang='lat' dir='ltr'>eamque</span> <span class='ocrx_word' id='word_1_107' title='bbox 242 1545 284 1610; x_wconf 94' lang='lat' dir='ltr'>ob</span> <span class='ocrx_word' id='word_1_108' title='bbox 303 1566 370 1610; x_wconf 87' lang='lat' dir='ltr'>rem</span> <span class='ocrx_word' id='word_1_109' title='bbox 385 1546 493 1611; x_wconf 88' lang='lat' dir='ltr'>nescio</span> <span class='ocrx_word' id='word_1_110' title='bbox 513 1567 555 1610; x_wconf 91' lang='lat' dir='ltr'>an</span> <span class='ocrx_word' id='word_1_111' title='bbox 570 1548 698 1611; x_wconf 88' lang='lat' dir='ltr'>saturas</span> <span class='ocrx_word' id='word_1_112' title='bbox 713 1566 788 1610; x_wconf 90' lang='lat' dir='ltr'>suas</span> <span class='ocrx_word' id='word_1_113' title='bbox 803 1545 977 1629; x_wconf 89' lang='lat' dir='ltr'>scripserit.</span> <span class='ocrx_word' id='word_1_114' title='bbox 1013 1544 1102 1621; x_wconf 78' lang='lat' dir='ltr'>Quae</span> 
     </span>
     <span class='ocr_line' id='line_1_17' title="bbox 87 1632 1101 1719; baseline 0 -22"><span class='ocrx_word' id='word_1_115' title='bbox 87 1634 115 1697; x_wconf 87' lang='lat' dir='ltr'>si</span> <span class='ocrx_word' id='word_1_116' title='bbox 140 1635 315 1699; x_wconf 89' lang='lat' dir='ltr'>contuleris</span> <span class='ocrx_word' id='word_1_117' title='bbox 339 1634 446 1700; x_wconf 84' lang='lat' dir='ltr'>verbis</span> <span class='ocrx_word' id='word_1_118' title='bbox 470 1656 552 1719; x_wconf 90' lang='lat' dir='ltr'>quae</span> <span class='ocrx_word' id='word_1_119' title='bbox 576 1634 675 1719; x_wconf 82' lang='lat' dir='ltr'>Hugo</span> <span class='ocrx_word' id='word_1_120' title='bbox 699 1633 738 1698; x_wconf 92' lang='lat' dir='ltr'>de</span> <span class='ocrx_word' id='word_1_121' title='bbox 761 1632 933 1719; x_wconf 82' lang='lat' dir='ltr'>Trimberg</span> <span class='ocrx_word' id='word_1_122' title='bbox 960 1632 1040 1698; x_wconf 90' lang='lat' dir='ltr'>facit</span> <span class='ocrx_word' id='word_1_123' title='bbox 1063 1633 1101 1697; x_wconf 89' lang='lat' dir='ltr'>de</span> 
     </span>
     <span class='ocr_line' id='line_1_18' title="bbox 85 1720 1100 1809; baseline 0 -24"><span class='ocrx_word' id='word_1_124' title='bbox 85 1720 252 1806; x_wconf 82' lang='lat' dir='ltr'>Amarcio‚</span> <span class='ocrx_word' id='word_1_125' title='bbox 280 1727 411 1805; x_wconf 91' lang='lat' dir='ltr'>poetam</span> <span class='ocrx_word' id='word_1_126' title='bbox 440 1745 457 1789; x_wconf 93' lang='lat' dir='ltr'>e</span> <span class='ocrx_word' id='word_1_127' title='bbox 485 1727 583 1809; x_wconf 83' lang='lat' dir='ltr'>gente</span> <span class='ocrx_word' id='word_1_128' title='bbox 611 1723 750 1807; x_wconf 85' lang='lat' dir='ltr'>quadam</span> <span class='ocrx_word' id='word_1_129' title='bbox 778 1721 926 1788; x_wconf 85' lang='lat' dir='ltr'>Romana</span> <span class='ocrx_word' id='word_1_130' title='bbox 954 1723 987 1786; x_wconf 93' lang='lat' dir='ltr'>in</span> <span class='ocrx_word' id='word_1_131' title='bbox 1014 1741 1100 1807; x_wconf 83' lang='lat' dir='ltr'>pago</span> 
     </span>
     <span class='ocr_line' id='line_1_19' title="bbox 86 1808 1029 1898; baseline 0.001 -26"><span class='ocrx_word' id='word_1_132' title='bbox 86 1808 220 1892; x_wconf 81' lang='lat' dir='ltr'>Turgau</span> <span class='ocrx_word' id='word_1_133' title='bbox 245 1809 310 1894; x_wconf 84' lang='lat' dir='ltr'>(rel</span> <span class='ocrx_word' id='word_1_134' title='bbox 333 1808 577 1898; x_wconf 80' lang='lat' dir='ltr'>Francogallia)</span> <span class='ocrx_word' id='word_1_135' title='bbox 600 1815 714 1876; x_wconf 90' lang='lat' dir='ltr'>natum</span> <span class='ocrx_word' id='word_1_136' title='bbox 738 1832 808 1875; x_wconf 90' lang='lat' dir='ltr'>esse</span> <span class='ocrx_word' id='word_1_137' title='bbox 832 1810 1029 1875; x_wconf 87' lang='lat' dir='ltr'>adfirmabis.</span> 
     </span>
    </p>

    <p class='ocr_par' dir='ltr' id='par_1_3' title="bbox 83 1897 1102 2603">
     <span class='ocr_line' id='line_1_20' title="bbox 150 1897 1102 1964; baseline -0.002 -2"><span class='ocrx_word' id='word_1_138' title='bbox 150 1897 242 1962; x_wconf 87' lang='lat' dir='ltr'>Mille</span> <span class='ocrx_word' id='word_1_139' title='bbox 262 1898 413 1963; x_wconf 79' lang='lat' dir='ltr'>carminis</span> <span class='ocrx_word' id='word_1_140' title='bbox 436 1899 501 1963; x_wconf 94' lang='lat' dir='ltr'>loci</span> <span class='ocrx_word' id='word_1_141' title='bbox 521 1898 709 1964; x_wconf 85' lang='lat' dir='ltr'>Amarcium</span> <span class='ocrx_word' id='word_1_142' title='bbox 733 1899 838 1963; x_wconf 89' lang='lat' dir='ltr'>virum</span> <span class='ocrx_word' id='word_1_143' title='bbox 861 1898 980 1962; x_wconf 90' lang='lat' dir='ltr'>laicum</span> <span class='ocrx_word' id='word_1_144' title='bbox 1002 1897 1102 1961; x_wconf 88' lang='lat' dir='ltr'>fuisse</span> 
     </span>
     <span class='ocr_line' id='line_1_21' title="bbox 83 1984 1102 2071; baseline -0.001 -21"><span class='ocrx_word' id='word_1_145' title='bbox 83 1988 215 2071; x_wconf 82' lang='lat' dir='ltr'>negant,</span> <span class='ocrx_word' id='word_1_146' title='bbox 239 1986 493 2051; x_wconf 90' lang='lat' dir='ltr'>ecclesiasticum</span> <span class='ocrx_word' id='word_1_147' title='bbox 516 1987 706 2071; x_wconf 87' lang='lat' dir='ltr'>adprobant</span> <span class='ocrx_word' id='word_1_148' title='bbox 749 1985 908 2062; x_wconf 82' lang='lat' dir='ltr'>Quicum</span> <span class='ocrx_word' id='word_1_149' title='bbox 932 1984 1102 2050; x_wconf 78' lang='lat' dir='ltr'>clericatus</span> 
     </span>
     <span class='ocr_line' id='line_1_22' title="bbox 84 2074 1101 2159; baseline 0.001 -20"><span class='ocrx_word' id='word_1_150' title='bbox 84 2077 162 2139; x_wconf 91' lang='lat' dir='ltr'>tunc</span> <span class='ocrx_word' id='word_1_151' title='bbox 193 2075 351 2158; x_wconf 87' lang='lat' dir='ltr'>temporis</span> <span class='ocrx_word' id='word_1_152' title='bbox 385 2075 465 2139; x_wconf 81' lang='lat' dir='ltr'>vitia</span> <span class='ocrx_word' id='word_1_153' title='bbox 495 2079 528 2138; x_wconf 89' lang='lat' dir='ltr'>et</span> <span class='ocrx_word' id='word_1_154' title='bbox 559 2075 705 2140; x_wconf 88' lang='lat' dir='ltr'>maculas</span> <span class='ocrx_word' id='word_1_155' title='bbox 738 2074 896 2139; x_wconf 89' lang='lat' dir='ltr'>violenter</span> <span class='ocrx_word' id='word_1_156' title='bbox 924 2074 1101 2159; x_wconf 87' lang='lat' dir='ltr'>acerbeque</span> 
     </span>
     <span class='ocr_line' id='line_1_23' title="bbox 85 2160 1101 2249; baseline -0.001 -21"><span class='ocrx_word' id='word_1_157' title='bbox 85 2182 259 2249; x_wconf 82' lang='lat' dir='ltr'>aggressus</span> <span class='ocrx_word' id='word_1_158' title='bbox 288 2163 344 2242; x_wconf 90' lang='lat' dir='ltr'>sit,</span> <span class='ocrx_word' id='word_1_159' title='bbox 372 2162 423 2228; x_wconf 93' lang='lat' dir='ltr'>illi</span> <span class='ocrx_word' id='word_1_160' title='bbox 449 2162 555 2228; x_wconf 90' lang='lat' dir='ltr'>ordini</span> <span class='ocrx_word' id='word_1_161' title='bbox 579 2162 761 2247; x_wconf 88' lang='lat' dir='ltr'>adscriptus</span> <span class='ocrx_word' id='word_1_162' title='bbox 785 2184 851 2228; x_wconf 92' lang='lat' dir='ltr'>non</span> <span class='ocrx_word' id='word_1_163' title='bbox 875 2168 953 2229; x_wconf 88' lang='lat' dir='ltr'>erat.</span> <span class='ocrx_word' id='word_1_164' title='bbox 1000 2160 1101 2229; x_wconf 77' lang='lat' dir='ltr'>Cuius</span> 
     </span>
     <span class='ocr_line' id='line_1_24' title="bbox 85 2249 1101 2339; baseline 0.001 -23"><span class='ocrx_word' id='word_1_165' title='bbox 85 2252 207 2317; x_wconf 91' lang='lat' dir='ltr'>ordinis</span> <span class='ocrx_word' id='word_1_166' title='bbox 231 2253 338 2336; x_wconf 87' lang='lat' dir='ltr'>fuerit,</span> <span class='ocrx_word' id='word_1_167' title='bbox 362 2274 378 2316; x_wconf 89' lang='lat' dir='ltr'>e</span> <span class='ocrx_word' id='word_1_168' title='bbox 402 2252 509 2318; x_wconf 87' lang='lat' dir='ltr'>verbis</span> <span class='ocrx_word' id='word_1_169' title='bbox 524 2251 584 2331; x_wconf 90' lang='lat' dir='ltr'>III,</span> <span class='ocrx_word' id='word_1_170' title='bbox 601 2249 754 2339; x_wconf 80' lang='lat' dir='ltr'>l39sq.³)</span> <span class='ocrx_word' id='word_1_171' title='bbox 778 2253 893 2336; x_wconf 89' lang='lat' dir='ltr'>positis</span> <span class='ocrx_word' id='word_1_172' title='bbox 913 2253 1008 2318; x_wconf 85' lang='lat' dir='ltr'>facile</span> <span class='ocrx_word' id='word_1_173' title='bbox 1028 2274 1101 2317; x_wconf 92' lang='lat' dir='ltr'>con·</span> 
     </span>
     <span class='ocr_line' id='line_1_25' title="bbox 86 2340 1102 2427; baseline 0 -22"><span class='ocrx_word' id='word_1_174' title='bbox 86 2341 174 2406; x_wconf 90' lang='lat' dir='ltr'>cludi</span> <span class='ocrx_word' id='word_1_175' title='bbox 201 2345 321 2427; x_wconf 87' lang='lat' dir='ltr'>potest.</span> <span class='ocrx_word' id='word_1_176' title='bbox 367 2340 469 2406; x_wconf 88' lang='lat' dir='ltr'>Poeta</span> <span class='ocrx_word' id='word_1_177' title='bbox 496 2341 543 2406; x_wconf 91' lang='lat' dir='ltr'>ibi</span> <span class='ocrx_word' id='word_1_178' title='bbox 566 2341 734 2407; x_wconf 89' lang='lat' dir='ltr'>monachis</span> <span class='ocrx_word' id='word_1_179' title='bbox 757 2341 930 2407; x_wconf 87' lang='lat' dir='ltr'>conviciari</span> <span class='ocrx_word' id='word_1_180' title='bbox 954 2362 1024 2406; x_wconf 89' lang='lat' dir='ltr'>sese</span> <span class='ocrx_word' id='word_1_181' title='bbox 1048 2340 1102 2404; x_wconf 89' lang='lat' dir='ltr'>de·</span> 
     </span>
     <span class='ocr_line' id='line_1_26' title="bbox 85 2430 1100 2515; baseline 0 -22"><span class='ocrx_word' id='word_1_182' title='bbox 85 2450 155 2494; x_wconf 90' lang='lat' dir='ltr'>cere</span> <span class='ocrx_word' id='word_1_183' title='bbox 179 2434 289 2514; x_wconf 80' lang='lat' dir='ltr'>negat,</span> <span class='ocrx_word' id='word_1_184' title='bbox 313 2452 410 2515; x_wconf 92' lang='lat' dir='ltr'>quam</span> <span class='ocrx_word' id='word_1_185' title='bbox 434 2430 476 2494; x_wconf 95' lang='lat' dir='ltr'>ob</span> <span class='ocrx_word' id='word_1_186' title='bbox 500 2452 568 2494; x_wconf 89' lang='lat' dir='ltr'>rem</span> <span class='ocrx_word' id='word_1_187' title='bbox 592 2430 781 2496; x_wconf 82' lang='lat' dir='ltr'>Amarcium</span> <span class='ocrx_word' id='word_1_188' title='bbox 805 2430 1002 2494; x_wconf 85' lang='lat' dir='ltr'>monasticae</span> <span class='ocrx_word' id='word_1_189' title='bbox 1026 2449 1100 2493; x_wconf 91' lang='lat' dir='ltr'>con-</span> 
     </span>
     <span class='ocr_line' id='line_1_27' title="bbox 85 2516 637 2603; baseline 0.004 -22"><span class='ocrx_word' id='word_1_190' title='bbox 85 2516 215 2582; x_wconf 90' lang='lat' dir='ltr'>ditionis</span> <span class='ocrx_word' id='word_1_191' title='bbox 239 2520 345 2583; x_wconf 89' lang='lat' dir='ltr'>virum</span> <span class='ocrx_word' id='word_1_192' title='bbox 368 2519 469 2584; x_wconf 86' lang='lat' dir='ltr'>fuisse</span> <span class='ocrx_word' id='word_1_193' title='bbox 493 2522 637 2603; x_wconf 88' lang='lat' dir='ltr'>apparet.</span> 
     </span>
    </p>

    <p class='ocr_par' dir='ltr' id='par_1_4' title="bbox 83 2605 1099 2868">
     <span class='ocr_line' id='line_1_28' title="bbox 173 2605 1099 2692; baseline 0 -23"><span class='ocrx_word' id='word_1_194' title='bbox 173 2605 235 2669; x_wconf 93' lang='lat' dir='ltr'>His</span> <span class='ocrx_word' id='word_1_195' title='bbox 264 2606 312 2671; x_wconf 89' lang='lat' dir='ltr'>ita</span> <span class='ocrx_word' id='word_1_196' title='bbox 344 2607 510 2692; x_wconf 92' lang='lat' dir='ltr'>dispositis</span> <span class='ocrx_word' id='word_1_197' title='bbox 544 2610 576 2672; x_wconf 88' lang='lat' dir='ltr'>et</span> <span class='ocrx_word' id='word_1_198' title='bbox 608 2607 726 2692; x_wconf 91' lang='lat' dir='ltr'>quibus</span> <span class='ocrx_word' id='word_1_199' title='bbox 753 2605 926 2670; x_wconf 86' lang='lat' dir='ltr'>Amarcius</span> <span class='ocrx_word' id='word_1_200' title='bbox 958 2606 1099 2691; x_wconf 82' lang='lat' dir='ltr'>negotiis</span> 
     </span>
     <span class='ocr_line' id='line_1_29' title="bbox 83 2693 1098 2780; baseline 0.002 -24"><span class='ocrx_word' id='word_1_201' title='bbox 83 2693 256 2777; x_wconf 87' lang='lat' dir='ltr'>praecipue</span> <span class='ocrx_word' id='word_1_202' title='bbox 289 2699 463 2779; x_wconf 88' lang='lat' dir='ltr'>occupatus</span> <span class='ocrx_word' id='word_1_203' title='bbox 496 2695 607 2780; x_wconf 87' lang='lat' dir='ltr'>fuerit,</span> <span class='ocrx_word' id='word_1_204' title='bbox 639 2717 656 2759; x_wconf 94' lang='lat' dir='ltr'>e</span> <span class='ocrx_word' id='word_1_205' title='bbox 687 2694 801 2760; x_wconf 90' lang='lat' dir='ltr'>multis</span> <span class='ocrx_word' id='word_1_206' title='bbox 833 2693 985 2759; x_wconf 88' lang='lat' dir='ltr'>carminis</span> <span class='ocrx_word' id='word_1_207' title='bbox 1019 2694 1098 2759; x_wconf 91' lang='lat' dir='ltr'>locis</span> 
     </span>
     <span class='ocr_line' id='line_1_30' title="bbox 85 2781 1099 2868; baseline 0.001 -21"><span class='ocrx_word' id='word_1_208' title='bbox 85 2782 166 2847; x_wconf 89' lang='lat' dir='ltr'>satis</span> <span class='ocrx_word' id='word_1_209' title='bbox 181 2781 294 2847; x_wconf 88' lang='lat' dir='ltr'>elucet.</span> <span class='ocrx_word' id='word_1_210' title='bbox 317 2783 567 2850; x_wconf 86' lang='lat' dir='ltr'>Animadvertas</span> <span class='ocrx_word' id='word_1_211' title='bbox 583 2805 719 2867; x_wconf 86' lang='lat' dir='ltr'>mecum,</span> <span class='ocrx_word' id='word_1_212' title='bbox 732 2804 863 2868; x_wconf 89' lang='lat' dir='ltr'>quaeso,</span> <span class='ocrx_word' id='word_1_213' title='bbox 877 2804 987 2847; x_wconf 87' lang='lat' dir='ltr'>versus</span> <span class='ocrx_word' id='word_1_214' title='bbox 996 2781 1039 2866; x_wconf 86' lang='lat' dir='ltr'>Il,</span> <span class='ocrx_word' id='word_1_215' title='bbox 1047 2782 1099 2848; x_wconf 82' lang='lat'>48.</span> 
     </span>
    </p>
   </div>
   <div class='ocr_carea' id='block_1_3' title="bbox 82 3008 1101 3578">
    <p class='ocr_par' dir='ltr' id='par_1_5' title="bbox 82 3008 1101 3435">
     <span class='ocr_line' id='line_1_31' title="bbox 154 3008 1098 3080; baseline 0 -16"><span class='ocrx_word' id='word_1_216' title='bbox 154 3013 180 3079; x_wconf 89' lang='lat'>1)</span> <span class='ocrx_word' id='word_1_217' title='bbox 208 3009 250 3066; x_wconf 87' lang='lat' dir='ltr'>Eo</span> <span class='ocrx_word' id='word_1_218' title='bbox 274 3014 401 3079; x_wconf 88' lang='lat' dir='ltr'>tempore</span> <span class='ocrx_word' id='word_1_219' title='bbox 418 3008 583 3080; x_wconf 77' lang='lat' dir='ltr'>Burgundio</span> <span class='ocrx_word' id='word_1_220' title='bbox 600 3027 658 3066; x_wconf 92' lang='lat' dir='ltr'>non</span> <span class='ocrx_word' id='word_1_221' title='bbox 677 3010 797 3079; x_wconf 84' lang='lat' dir='ltr'>amplius</span> <span class='ocrx_word' id='word_1_222' title='bbox 817 3011 914 3067; x_wconf 88' lang='lat' dir='ltr'>decem</span> <span class='ocrx_word' id='word_1_223' title='bbox 933 3011 1098 3067; x_wconf 86' lang='lat' dir='ltr'>undecimve</span> 
     </span>
     <span class='ocr_line' id='line_1_32' title="bbox 84 3080 1101 3152; baseline -0.001 -17"><span class='ocrx_word' id='word_1_224' title='bbox 84 3097 171 3137; x_wconf 84' lang='lat' dir='ltr'>annos</span> <span class='ocrx_word' id='word_1_225' title='bbox 199 3098 263 3136; x_wconf 91' lang='lat' dir='ltr'>cum</span> <span class='ocrx_word' id='word_1_226' title='bbox 290 3080 445 3137; x_wconf 86' lang='lat' dir='ltr'>Teutonico</span> <span class='ocrx_word' id='word_1_227' title='bbox 472 3096 558 3152; x_wconf 78' lang='lat' dir='ltr'>regno</span> <span class='ocrx_word' id='word_1_228' title='bbox 588 3081 737 3137; x_wconf 89' lang='lat' dir='ltr'>coniuncta</span> <span class='ocrx_word' id='word_1_229' title='bbox 764 3084 825 3137; x_wconf 87' lang='lat' dir='ltr'>erat</span> <span class='ocrx_word' id='word_1_230' title='bbox 852 3083 938 3151; x_wconf 87' lang='lat' dir='ltr'>atque</span> <span class='ocrx_word' id='word_1_231' title='bbox 965 3084 998 3137; x_wconf 88' lang='lat' dir='ltr'>ut</span> <span class='ocrx_word' id='word_1_232' title='bbox 1021 3084 1101 3136; x_wconf 89' lang='lat' dir='ltr'>erant</span> 
     </span>
     <span class='ocr_line' id='line_1_33' title="bbox 84 3151 1100 3223; baseline -0.001 -18"><span class='ocrx_word' id='word_1_233' title='bbox 84 3151 297 3222; x_wconf 82' lang='lat' dir='ltr'>Burgundiones</span> <span class='ocrx_word' id='word_1_234' title='bbox 321 3151 427 3206; x_wconf 86' lang='lat' dir='ltr'>maiore</span> <span class='ocrx_word' id='word_1_235' title='bbox 452 3168 486 3207; x_wconf 90' lang='lat' dir='ltr'>ex</span> <span class='ocrx_word' id='word_1_236' title='bbox 508 3153 589 3222; x_wconf 88' lang='lat' dir='ltr'>parte</span> <span class='ocrx_word' id='word_1_237' title='bbox 607 3151 751 3207; x_wconf 84' lang='lat' dir='ltr'>Romanae</span> <span class='ocrx_word' id='word_1_238' title='bbox 774 3151 903 3223; x_wconf 81' lang='lat' dir='ltr'>originis,</span> <span class='ocrx_word' id='word_1_239' title='bbox 927 3155 994 3208; x_wconf 88' lang='lat' dir='ltr'>tnnc</span> <span class='ocrx_word' id='word_1_240' title='bbox 1014 3168 1048 3207; x_wconf 89' lang='lat' dir='ltr'>ex</span> <span class='ocrx_word' id='word_1_241' title='bbox 1067 3166 1100 3205; x_wconf 88' lang='lat' dir='ltr'>ea</span> 
     </span>
     <span class='ocr_line' id='line_1_34' title="bbox 82 3222 1100 3294; baseline -0.001 -17"><span class='ocrx_word' id='word_1_242' title='bbox 82 3224 196 3278; x_wconf 86' lang='lat' dir='ltr'>natione</span> <span class='ocrx_word' id='word_1_243' title='bbox 224 3223 285 3279; x_wconf 88' lang='lat' dir='ltr'>nati</span> <span class='ocrx_word' id='word_1_244' title='bbox 312 3222 383 3278; x_wconf 90' lang='lat' dir='ltr'>haut</span> <span class='ocrx_word' id='word_1_245' title='bbox 409 3237 557 3294; x_wconf 88' lang='lat' dir='ltr'>perperam</span> <span class='ocrx_word' id='word_1_246' title='bbox 585 3223 697 3278; x_wconf 86' lang='lat' dir='ltr'>eosdem</span> <span class='ocrx_word' id='word_1_247' title='bbox 724 3224 809 3293; x_wconf 83' lang='lat' dir='ltr'>atque</span> <span class='ocrx_word' id='word_1_248' title='bbox 837 3223 1036 3293; x_wconf 83' lang='lat' dir='ltr'>Francogallos</span> <span class='ocrx_word' id='word_1_249' title='bbox 1071 3238 1100 3277; x_wconf 85' lang='lat' dir='ltr'>ee</span> 
     </span>
     <span class='ocr_line' id='line_1_35' title="bbox 83 3292 1099 3365; baseline -0.001 -17"><span class='ocrx_word' id='word_1_250' title='bbox 83 3309 142 3348; x_wconf 86' lang='lat' dir='ltr'>esse</span> <span class='ocrx_word' id='word_1_251' title='bbox 171 3294 264 3350; x_wconf 89' lang='lat' dir='ltr'>dicere</span> <span class='ocrx_word' id='word_1_252' title='bbox 292 3297 452 3365; x_wconf 85' lang='lat' dir='ltr'>potuerunt.</span> <span class='ocrx_word' id='word_1_253' title='bbox 565 3297 592 3363; x_wconf 77' lang='lat'>2)</span> <span class='ocrx_word' id='word_1_254' title='bbox 621 3292 747 3349; x_wconf 86' lang='lat' dir='ltr'>Aelteste</span> <span class='ocrx_word' id='word_1_255' title='bbox 774 3294 930 3350; x_wconf 87' lang='lat' dir='ltr'>Denkmale</span> <span class='ocrx_word' id='word_1_256' title='bbox 957 3311 985 3362; x_wconf 89' lang='lat' dir='ltr'>p.</span> <span class='ocrx_word' id='word_1_257' title='bbox 1016 3298 1047 3348; x_wconf 86' lang='grc'>19</span> <span class='ocrx_word' id='word_1_258' title='bbox 1060 3310 1099 3360; x_wconf 89' lang='lat' dir='ltr'>sq.</span> 
     </span>
     <span class='ocr_line' id='line_1_36' title="bbox 84 3362 983 3435; baseline -0.001 -18"><span class='ocrx_word' id='word_1_259' title='bbox 84 3366 111 3433; x_wconf 87' lang='grc'>3)</span> <span class='ocrx_word' id='word_1_260' title='bbox 228 3365 383 3422; x_wconf 85' lang='lat' dir='ltr'>Monachus</span> <span class='ocrx_word' id='word_1_261' title='bbox 401 3383 419 3421; x_wconf 83' lang='lat' dir='ltr'>a</span> <span class='ocrx_word' id='word_1_262' title='bbox 436 3364 547 3435; x_wconf 90' lang='lat' dir='ltr'>pompis</span> <span class='ocrx_word' id='word_1_263' title='bbox 566 3363 715 3420; x_wconf 88' lang='lat' dir='ltr'>mundanis</span> <span class='ocrx_word' id='word_1_264' title='bbox 735 3368 834 3435; x_wconf 86' lang='lat' dir='ltr'>sponte</span> <span class='ocrx_word' id='word_1_265' title='bbox 853 3362 983 3431; x_wconf 79' lang='lat' dir='ltr'>recessit3</span> 
     </span>
    </p>

    <p class='ocr_par' dir='ltr' id='par_1_6' title="bbox 225 3435 938 3578">
     <span class='ocr_line' id='line_1_37' title="bbox 225 3435 938 3561; baseline -0.003 -72"><span class='ocrx_word' id='word_1_266' title='bbox 225 3436 381 3561; x_wconf 56' lang='lat' dir='ltr'>{lvlaiurgare</span> <span class='ocrx_word' id='word_1_267' title='bbox 399 3435 481 3493; x_wconf 89' lang='lat' dir='ltr'>illum</span> <span class='ocrx_word' id='word_1_268' title='bbox 500 3452 556 3492; x_wconf 80' lang='lat' dir='ltr'>aaa</span> <span class='ocrx_word' id='word_1_269' title='bbox 574 3436 691 3492; x_wconf 76' lang='lat' dir='ltr'>molam</span> <span class='ocrx_word' id='word_1_270' title='bbox 704 3438 825 3507; x_wconf 76' lang='lat' dir='ltr'>partinet</span> <span class='ocrx_word' id='word_1_271' title='bbox 843 3437 881 3491; x_wconf 85' lang='lat' dir='ltr'>od</span> <span class='ocrx_word' id='word_1_272' title='bbox 898 3451 938 3488; x_wconf 83' lang='lat' dir='ltr'>me</span> 
     </span>
     <span class='ocr_line' id='line_1_38' title="bbox 256 3522 392 3578; baseline -0.007 -15"><span class='ocrx_word' id='word_1_273' title='bbox 256 3522 284 3563; x_wconf 85' lang='lat' dir='ltr'>ac</span> <span class='ocrx_word' id='word_1_274' title='bbox 302 3524 392 3578; x_wconf 72' lang='lat' dir='ltr'>cupro.</span> 
     </span>
    </p>
   </div>
   <div class='ocr_carea' id='block_1_4' title="bbox 0 0 1238 3826">
    <p class='ocr_par' dir='ltr' id='par_1_7' title="bbox 0 0 1238 3826">
     <span class='ocr_line' id='line_1_39' title="bbox 0 0 1238 3826; baseline 0 0"><span class='ocrx_word' id='word_1_275' title='bbox 0 0 1238 3826; x_wconf 95' lang='lat' dir='ltr'> </span> 
     </span>
    </p>
   </div>
  </div>
 </body>
</html>
