2468 3826
135 866 259 936 Incipit
282 864 428 936 epistula
451 862 547 919 Sexti
567 863 716 919 Amarcii
739 862 829 920 Galli
849 860 1037 918 Pioststretl

209 956 253 1011 ad
276 952 466 1010 candidum
489 950 737 1022 Theopystlum
758 951 965 1008 Alchimum.

79 1086 249 1153 Virtutum
272 1108 399 1170 norma,
422 1084 618 1170 Theopysti,
639 1085 721 1149 fulte
744 1084 873 1169 deeora,

125 1176 228 1260 Inque
252 1175 304 1241 dei
326 1196 465 1240 vernans
489 1174 643 1240 candidus
668 1173 837 1257 obsequio,

80 1264 128 1332 Ut
151 1287 224 1330 cum
248 1285 402 1348 corporea
425 1285 556 1348 superes
580 1263 726 1328 albedine
750 1282 887 1346 cygnos,

128 1352 272 1419 Gemmis
295 1352 431 1417 interius
454 1350 620 1417 candidior
642 1351 757 1417 niteas.

82 1440 119 1508 Si
141 1462 296 1527 magnum
318 1445 351 1507 te
374 1463 475 1525 parva
497 1442 624 1522 iuvant,
646 1440 709 1506 hoe
732 1439 841 1522 excipe
865 1459 994 1503 carmen
1121 1459 1134 1510 a

129 1528 328 1604 Contentum
351 1551 461 1595 crasso
484 1529 626 1612 pectoris
649 1527 808 1612 igniculo,

82 1619 215 1685 Oblitus
239 1623 349 1700 tenere
373 1617 458 1701 quod
481 1616 665 1701 pubertatis
689 1616 837 1681 alumnus

15 1772 19 1793 ,
129 1706 278 1773 Confisus
301 1706 432 1772 domino
456 1706 572 1789 celitus
596 1727 693 1771 ausus
717 1726 815 1770 eram.

83 1796 128 1863 Et
152 1797 180 1861 si
202 1817 335 1863 noscere
359 1818 463 1876 amas,
487 1817 551 1880 quo
575 1799 671 1880 pacto
695 1800 805 1861 trusus
829 1794 870 1858 ad
893 1793 955 1860 boc
979 1793 1055 1878 sim,

129 1884 243 1952 Cordis
266 1885 442 1951 luminibus
464 1885 623 1970 perspice,
646 1884 733 1970 quod
757 1883 910 1968 sequitur.
1114 1905 1140 1946 ro

84 1975 232 2040 Perverti
254 1996 361 2040 mores
384 1974 517 2040 habitos
540 1976 719 2040 maioribus
743 1972 863 2039 hocin

130 2063 290 2146 Tempore
312 2067 516 2148 pertractans
542 2064 594 2128 vix
617 2063 708 2128 tenui
730 2061 891 2127 lacrimas.

84 2151 172 2218 Hinc
195 2152 335 2236 carptim
358 2152 482 2234 priscos
506 2151 631 2215 intendi
654 2147 795 2214 scribere
817 2149 901 2212 ritus

130 2240 191 2304 His
216 2241 271 2325 qui
293 2260 380 2303 nunc
403 2239 527 2321 degunt
547 2237 632 2302 ferre
654 2236 766 2303 volens
789 2234 930 2300 reduces.

87 2329 150 2395 Sed
173 2349 247 2394 cum
270 2326 347 2392 talis
371 2326 476 2392 adhuc
498 2326 658 2393 titubaret
680 2327 788 2389 mente
811 2322 929 2405 libido,
1117 2344 1142 2386 15

131 2417 285 2483 Publicus
309 2417 475 2482 herentem
498 2417 638 2482 seribere
660 2413 757 2481 iussit
780 2432 879 2478 amor.

87 2505 163 2572 Non
186 2528 264 2592 ergo
287 2510 321 2572 te
343 2506 510 2572 rusticitas
534 2505 696 2572 deterreat
719 2502 801 2586 eius,

131 2594 289 2660 Versibus
314 2595 464 2660 altisonis
486 2615 553 2660 non
576 2615 657 2678 opus
682 2611 776 2656 omne
801 2589 897 2674 viget.

88 2681 231 2768 Cumque
255 2683 467 2768 superborum
490 2683 602 2767 pigeat
624 2677 757 2764 fastigia
781 2700 910 2764 semper

133 2769 307 2855 Inspicere,
330 2771 393 2835 huo
417 2770 528 2836 oculos
551 2769 644 2835 flecte
668 2768 842 2853 aliquando
866 2774 949 2836 tuos.
1118 2789 1145 2830 ao

88 2854 214 2922 Israhel
238 2859 293 2941 qui
316 2859 406 2923 venit
429 2879 506 2923 oves
529 2879 681 2924 revocare
704 2858 860 2943 celebres,

134 2944 339 3011 Manzeribus
362 2946 458 3012 nobis
482 2948 619 3013 contulit
641 2948 697 3012 ille
721 2969 862 3013 manum.

163 3143 248 3192 1-22
269 3137 428 3194 ediderunt=
447 3139 572 3210 Haupt,
591 3139 706 3196 Berieht
724 3139 794 3194 liber
808 3137 852 3193 die
867 3137 1106 3208 Verbandlungen

90 3211 140 3265 der
162 3209 551 3268 BerlinerAlrademi01854
575 3213 602 3269 S.
619 3218 673 3280 Ι160
683 3211 715 3278 f.;
739 3209 919 3277 Herechel,
942 3209 1106 3266 Naumanns

89 3281 244 3408 {pippepeaffi
256 3281 393 3408 {de933
408 3282 594 3352 Bfldinger,
613 3283 723 3339 Alceste
737 3280 894 3336 Denlrmale
909 3280 958 3337 der
972 3280 1105 3338 Zitricher

144 3539 254 3582 Amen
267 3539 403 3584 suanense.
955 3533 979 3578 l.
